2786 4600
398 1207 400 1212 ’
514 1193 822 1299 catull„
946 1209 954 1222 ’
1120 1305 1122 1312 ¹

287 1429 359 1534 Dc
382 1431 569 1539 scriptis
594 1433 640 1499 C·
664 1427 781 1496 Julii
801 1427 982 1510 Hygini.
1059 1421 1063 1428 ’
1159 1435 1162 1444 ’

108 1639 257 1782 auum
276 1705 403 1778 praeter
424 1716 479 1776 ea,
501 1717 581 1780 quae
599 1697 760 1779 hucusque
784 1696 1052 1780 commemorayi,
1075 1693 1164 1766 nihil

107 1807 176 1870 sere
192 1808 393 1888 inveniatur,
415 1808 499 1889 quod
524 1809 647 1872 devita
668 1811 824 1890 rebusque
840 1809 966 1891 Hygini
985 1806 1090 1871 nostri
1112 1806 1163 1870 lu·

107 1919 157 1982 cis
177 1915 301 2001 aliquid
321 1919 437 1982 afferre
455 1919 574 2000 possit,
596 1922 658 1994 iam
676 1923 718 1987 cd
736 1920 868 1984 alteram
889 1917 1165 2004 commentationis

106 2037 229 2114 partem
246 2030 400 2110 accedam,
421 2031 457 2092 iu
477 2049 654 2114 qualcpera
679 2033 815 2118 Hygini,
835 2051 971 2114 quorum
991 2029 1108 2102 notitia
1125 2029 1165 2092 ad

107 2162 167 2216 nos
186 2142 356 2223 pervenit,
387 2142 576 2214 enumerabo
598 2163 712 2227 eaque,
740 2165 819 2230 quae
843 2143 882 2208 dc
911 2141 983 2210 illis
1001 2141 1167 2220 statuenda

13 2249 16 2258 ’
106 2254 189 2318 nihi
205 2253 387 2334 videntur,
399 2273 582 2338 proponam.

193 2363 412 2446 Nominantur
428 2365 511 2448 apud
529 2374 664 2452 veteres·
679 2365 853 2448 scriptores
878 2341 1028 2448 pluriora¹
1040 2364 1166 2452 Hygini¹

108 2475 249 2560 scripta3
278 2495 375 2558 quum
409 2485 513 2542 tameo
545 2479 613 2554 eius
640 2497 755 2540 nomeu
783 2498 848 2542 non
870 2497 995 2558 semper
1021 2485 1167 2544 accurate

108 2597 293 2653 annotatum
310 2589 369 2668 sit,
391 2587 534 2655 dubitati
560 2605 782 2670 nonnunquam
806 2597 931 2672 potest,
950 2610 1027 2652 num
1047 2589 1166 2670 scripta

109 2701 206 2764 citata
227 2721 341 2765 revera
359 2700 434 2764 huic
453 2699 596 2783 Hygino,
620 2700 738 2766 liberto
765 2701 928 2784 Augusti,
959 2699 1167 2782 adscribenda

110 2813 186 2880 sint.
229 2811 279 2875 Dc
303 2811 363 2875 illc
387 2813 514 2894 quidem
543 2832 638 2896 opere
665 2815 759 2888 etiam
788 2835 888 2900 nunc?
904 2793 1052 2891 seruato,
1084 2811 1168 2894 quod

110 2923 314 2988 Gromaticus
342 2923 534 3009 inscribitur
564 2925 638 2986 sivc
656 2909 702 2988 ’δε
731 2925 891 2988 limitibus
922 2923 1168 3004 constituendis,

109 3039 172 3112 jam
193 3034 250 3099 diu
269 3034 412 3099 homines
437 3034 523 3097 docti
545 3017 583 3096 ed
605 3057 702 3098 unum
723 3055 831 3096 omnes
852 3037 1075 3122 consentiunt,
1103 3055 1167 3099 nou

109 3145 352 3211 adscribendum
375 3165 443 3210 esse
464 3145 539 3210 huic
557 3147 700 3228 Hygino,
722 3149 778 3212 sed
804 3149 881 3212 viro
901 3149 994 3223 hujus
1015 3147 1168 3226 nominis,

111 3259 168 3341 qui
186 3258 276 3322 vixit
294 3257 534 3320 Antoninorum
554 3267 707 3342 tempore.
753 3261 827 3324 Alie
847 3282 929 3325 vero
944 3261 1065 3341 scripta
1089 3259 1168 3322 satis

111 3369 211 3434 multa
231 3387 253 3432 e
270 3368 470 3452 Columella,
487 3369 599 3436 Pi'mio
617 3375 748 3452 majore,
767 3373 856 3438 Ante
884 3373 1013 3450 Gellio,
1037 3371 1179 3448 Servio,-

113 3479 280 3543 Macrchic
299 3481 436 3566 aliisque
459 3495 765 3565 commemorantur,
788 3507 867 3567 quae
888 3485 1076 3552 sinedubic
1094 3483 1169 3544 huic

113 3591 244 3675 Hygino
267 3593 472 3658 adscribenda
494 3618 561 3660 esse
576 3618 696 3662 consec.
739 3599 789 3674 De
810 3598 861 3661 his
880 3619 964 3661 nuno
980 3595 1168 3678 sententiam
1239 3643 1243 3648 .

113 3724 213 3768 meam
252 3725 428 3790 exponam,
464 3709 622 3794 simulque
660 3709 835 3792 fragmenta
871 3711 1013 3794 ipsorum
1044 3709 1169 3787 integra

114 3818 251 3882 afferam.
348 3897 351 3904 ι
1041 3883 1045 3890 .

198 3929 304 4010 Opera
324 3939 452 4011 auum,
467 3953 597 4016 guara
618 3931 655 3999 C.
675 3931 769 3998 Julic
791 3933 923 4016 Hygino
942 3931 1083 4013 proiecta
1103 3952 1170 3996 esse

114 4049 206 4120 puto,
227 4040 303 4104 haec
323 4051 418 4106 sunt:
