2786 4600
682 139 890 326 ,Α

250 455 391 521 vereque
413 412 553 503 eraditis
591 458 609 500 a
635 435 826 500 cineribus
858 437 1019 520 Augustis
1043 439 1309 511 ldbliotheeamm

250 557 358 628 curem
382 549 520 614 delatam
550 567 619 612 esse
649 551 781 610 constat.
834 549 922 614 Satis
946 562 1022 616 nota
1050 563 1116 636 est,
1132 564 1183 621 ,ut
1211 576 1309 638 paam

250 664 393 746 exempla
415 661 554 740 elimam,
576 661 723 722 doctrina
738 661 882 742 Pompeii
905 655 1020 744 Macri,
1044 667 1098 730 cui
1117 667 1308 732 Gaeasaror-

251 775 405 840 dicendas
426 772 637 836 bibliothecas
657 771 861 854 delegaverat
882 775 938 858 (ci.
962 777 1050 840 Soet.
1065 777 1153 844 Caes.
1169 800 1216 860 cp.
1238 779 1307 862 56),

184 933 194 940 -
249 887 327 950 item
346 883 769 968 VarronislPolyhistoris,
797 875 854 968 qni
879 889 1020 969 praefuit
1040 889 1257 959 bibliothecae
1272 891 1308 952 in

248 999 334 1064 atrio
354 997 530 1078 libertatis,
551 1007 583 1060 et
606 997 677 1074 Caii
692 990 825 1093 Melissi
841 999 1015 1082 Spoletini,
1036 1002 1093 1083 qni
1113 1021 1222 1067 curam
1237 1022 1308 1082 gas-

249 1111 295 1172 at
315 1108 581 1174 cananaeum
610 1111 644 1172 tn
669 1114 797 1191 aaut...
821 1113 979 1180 octavi..
1007 1113 1063 1192 (n.
1086 1113 1173 1179 sat.
1195 1113 1238 1178 a..
1255 1111 1308 1176 m.

248 1242 379 1304 gramm.
397 1244 444 1304 cp.
460 1221 526 1302 21).
570 1221 738 1304 Praeterea
755 1225 921 1304 probabile
934 1221 1159 1306 essentiatur,
1177 1226 1310 1308 Hygino

249 1333 290 1395 oh
314 1332 521 1412 singularem,
540 1352 601 1413 qun
613 1331 777 1413 excelluit,
798 1335 988 1415 doctricem,
1009 1337 1177 1418 utriusque
1188 1336 1307 1398 biblio-

249 1445 357 1508 thecae
377 1443 563 1523 Palatinae,
602 1444 739 1506 Graecae
770 1446 924 1538 nimirum
954 1455 985 1508 et
1011 1446 1162 1526 Latinae,
1201 1437 1309 1510 curam

247 1556 383 1620 delatam
400 1555 528 1620 inisse..
554 1555 681 1624 Sertori
701 1558 787 1620 enim
798 1567 941 1638 temporo
961 1558 1140 1623 Palatinam
1156 1530 1310 1632 Graecam.

247 1677 284 1734 et
299 1668 447 1731 latinam
467 1671 602 1735 seorsim
623 1687 778 1752 quamque
797 1669 991 1752 praefectum
1011 1671 1179 1750 hahuisse,
1198 1669 1308 1756 plures

232 1779 393 1861 ¹indicant
412 1781 642 1868 inscriptiones
662 1782 718 1863 (cl.
743 1802 778 1852 v.
798 1803 824 1847 c.
845 1781 991 1875 Lipsius,
1011 1783 1121 1872 cpyl
1134 1783 1179 1846 de
1199 1780 1307 1861 bibl.).

257 1916 261 1932 ²
328 1892 405 1956 Non
427 1903 532 1966 tamen
551 1896 611 1960 hoc
630 1911 745 1974 inuans
759 1895 891 1976 Hygino
904 1895 942 1958 ah
961 1897 1152 1976 imperatore
1167 1893 1306 1970 delatum

244 2005 420 2087 impedivit
440 2027 530 2086 eum,
562 2007 738 2086 quominus:
751 2007 847 2066 etiam
870 2004 986 2069 liberis
1007 2007 1216 2068 instituendis
1237 2004 1306 2084 (cui

243 2117 373 2197 negotio
392 2118 523 2179 omnino
539 2115 739 2197 grammatici
752 2103 853 2177 illius
873 2116 1231 2195 temporis÷·incumbere
1253 2134 1317 2176 so··

149 2283 158 2302 ,
243 2227 366 2304 labant)
387 2237 515 2306 operam
536 2237 688 2303 rovorata
708 2227 820 2305 immo,
841 2235 878 2288 ut
899 2226 983 2290 idem
1002 2227 1175 2306 Suetonius
1192 2227 1305 2306 tradit,
1358 2265 1362 2272 -

242 2337 707 2419 discipuloruminstitutiona
725 2348 837 2402 nactm
859 2347 907 2418 est
926 2359 1070 2419 maguam
1095 2339 1236 2409 nominis
1257 2337 1305 2400 fa-

241 2471 324 2514 mam
344 2459 445 2530 atque
474 2451 623 2532 laudaut..¹
646 2438 832 2526 Neomale
861 2451 1034 2526 conjecisse
1063 2452 1144 2512 mihi
1173 2451 1306 2514 videtur

241 2563 353 2628 Nicol.
373 2547 540 2628 Antonius
558 2564 660 2644 (libro
681 2574 775 2642 supra
791 2563 889 2628 citato
908 2582 938 2642 p.
959 2559 1007 2640 2),
1029 2562 1060 2624 id
1084 2563 1199 2642 ipsum,
1220 2561 1306 2644 quod

240 2683 324 2740 teate
345 2675 501 2738 Suetonio
519 2675 573 2756 (de
592 2673 643 2735 ill.
667 2671 812 2753 gramm.)
842 2673 880 2736 de
899 2673 946 2764 M
968 2663 1118 2738 Antonio¹
1137 2673 1305 2762 Gnipboue

242 2784 551 2872 averrit-Flacco
571 2793 706 2865 constat,
729 2783 856 2848 scilicet
882 2785 963 2866 ipsis
987 2806 1170 2866 concessum
1191 2786 1304 2864 fuisse,

123 2881 127 2889 '
241 2905 279 2970 ut
298 2875 414 2980 put...
437 2898 471 2964 tn
501 2897 572 2980 apso
597 2897 726 2960 ralatio·
743 2896 970 2978 instituerent,
998 2898 1110 2962 vitea
1141 2897 1304 2963 otiante

242 3009 374 3098 Hygino
397 3010 482 3073 sumi
503 3029 605 3092 possa.
945 3011 948 3018 '

723 3154 767 3258 ἕ(
787 3183 817 3244 c.
895 3166 900 3176 '

326 3343 377 3410 Da
396 3362 492 3422 anuo,
515 3347 578 3425 quo
600 3324 693 3406 natus
717 3351 749 3404 et
777 3353 923 3412 mortuus
945 3344 989 3406 sit
1009 3341 1178 3424 Hyginus,
1209 3306 1303 3406 nemo

240 3463 387 3522 veterum
403 3453 599 3536 scriptorum
619 3451 748 3538 aliquid
761 3449 959 3536 tradidit,*)
983 3456 1078 3536 unde,
1100 3458 1130 3520 si
1151 3456 1302 3521 volumus

279 3647 304 3722 *)
324 3647 524 3719 Hieronymus
536 3643 735 3701 stridonensis
753 3645 800 3700 ad.
820 3647 890 3706 Eas.
912 3645 1036 3712 chron„
1063 3656 1094 3702 ut
1119 3651 1205 3715 supra
1223 3643 1303 3700 vidi-

317 3763 377 3803 mus
397 3744 447 3816 (ci.
460 3739 488 3814 §s
502 3739 532 3814 l)
552 3743 698 3816 Hyginum
718 3743 747 3798 in
767 3744 874 3815 olymp.
900 3743 955 3800 193
974 3743 1066 3814 ponit,
1084 3742 1133 3798 sed
1156 3742 1224 3796 haec
1240 3745 1302 3810 ejus

316 3839 462 3900 annotatio
482 3841 653 3912 molliusest
672 3841 821 3906 momenti,
842 3856 927 3908 quum
945 3851 1074 3906 constet,
1098 3829 1301 3910 Hieronymum

318 3957 416 4006 annos,
435 3955 506 4006 quos
526 3939 563 3991 ed
584 3939 654 4000 Eas.
677 3939 783 3996 Chion.
804 3937 960 4010 educavit,
979 3953 1182 4008 saepenumero
1199 3953 1237 3992 ex
1255 3943 1302 3992 ar-

318 4037 410 4092 bitrio
427 4031 587 4090 definiisse.
