2786 4600
536 241 710 368 ju

167 480 271 564 *Opus
292 499 374 543 vero
396 477 477 542 illud
488 478 615 562 Hygini
635 475 756 541 clarum
778 486 811 539 et
824 475 1021 540 caumatum
1038 477 1151 558 inissea

96 593 210 676 oottigi
232 602 338 676 potest
361 613 400 656 ex
421 593 541 656 Servio
567 591 621 674 (ad
644 591 731 654 Aona
745 590 827 670 VII,
849 590 945 671 678),
966 591 1039 671 ‘qui
1066 591 1149 653 illud

97 695 325 772 orn'catonia
350 700 543 785 Originibus
564 705 735 784 componit.
779 702 887 784 Atque
913 703 1048 765 videtur
1074 703 1152 765 Ser·-

96 819 193 899 uius,
223 791 280 880 ubi
312 817 350 878 de
379 817 446 880 situ
466 815 523 880 uel
546 817 677 896 regione
699 815 763 878 looi
784 814 918 910 alicujus
940 815 1050 878 Italici
1071 817 1152 897 agit,

5 941 6 1006 f
95 931 149 996 uti
167 930 206 992 ad
218 930 399 994 Varronem
411 937 443 990 et
459 927 622 1008 Catonem,
642 929 689 989 ita
709 945 801 1006 saepe
821 927 916 988 etiarn
936 929 973 989 ad
987 929 1154 1010 lly‘ginunt

5 1015 6 1084 3
95 1042 286 1122 oontugisse.
340 1039 607 1118 Quemadmodum
637 1049 740 1102 autem
776 1041 811 1101 in
843 1040 1024 1102 Alexandri
1050 1042 1152 1124 Poly-

5 1195 6 1208 ι
95 1154 230 1219 historia
254 1152 344 1216 libro
362 1153 508 1216 Ἰταλικὰ
529 1151 841 1234 ἀπομνημονεύματα
867 1153 1033 1232 inscripto.
1048 1153 1154 1216 inulto

5 1263 6 1340 J
96 1266 250 1346 sabulosa,
275 1266 427 1347 inprimis
448 1265 487 1332 tle
506 1267 635 1346 origine
656 1265 784 1329 urbium
809 1273 841 1326 et
859 1263 1065 1346 populorum,
1085 1273 1155 1327 tra-

5 1413 7 1448 ι
96 1379 164 1444 tiu
184 1378 283 1443 fuisso
304 1377 477 1458 videntur,
499 1379 548 1441 sic
570 1379 666 1440 etiam
688 1378 726 1439 de
747 1377 873 1458 Hygini
897 1376 982 1439 libro
1005 1377 1153 1440 da'Itali-

5 1521 7 1536 ·
97 1492 144 1554 cis
164 1491 300 1554 urbibus
321 1511 442 1554 summo
462 1493 533 1566 jure
560 1490 660 1552 statui
687 1489 748 1552 hoo
775 1499 889 1571 potest.
912 1489 1037 1552 nimbo
1069 1491 1156 1552 enlm

97 1603 168 1666 viri
190 1624 259 1666 non
276 1603 512 1666 abhorruerunt
526 1623 543 1664 a
559 1622 714 1683 perverso
736 1600 797 1663 illo
813 1602 920 1664 studio
942 1605 1010 1684 (cui
1024 1603 1154 1668 omnino

97 1715 300 1778 doctissimos
321 1723 353 1776 et
373 1714 542 1794 Romanos,
565 1723 597 1776 et
618 1712 777 1793 (lraecos,¹
789 1715 845 1794 qui
864 1714 903 1776 do
923 1717 1019 1779 rebus
1038 1717 1156 1780 Roma-2

97 1828 149 1888 nis
172 1827 381 1905 seripserunt,
400 1825 783 1909 incubuisso¹soimus*),
803 1823 976 1908 wotducti
997 1827 1155 1892 Romano·

99 1959 170 2002 rum
193 1939 361 2017 instituta,
376 1937 467 2000 'ritus
492 1959 611 2020 moros,
631 1939 784 2002 historias
799 1947 830 2000 et
850 1937 977 2020 mythos
995 1941 1033 2004 ad
1055 1942 1154 2005 Grae-

6 2065 9 2072 *
99 2019 302 2112 oos'reterra
333 2058 425 2130 atque
454 2071 493 2112 ex
514 2051 709 2114 Graecorum
728 2052 871 2114 moribus
893 2062 925 2114 et
947 2053 1154 2134 opinionibus
1241 2139 1242 2142 Ἴ

98 2162 264 2228 illustrare
285 2161 542 2246 seleucenum
561 2165 688 2246 quidam
710 2185 772 2246 re,
793 2165 893 2236 siouti
920 2161 1015 2228 etiarn
1034 2168 1155 2248 ineptis

97 2293 135 2336 ao
154 2277 268 2354 pravis
279 2273 503 2354 etymologiis,
515 2275 687 2357 **),mythi
708 2287 740 2338 et
759 2277 913 2340 historiae
926 2279 1059 2343 Latinae
1070 2279 1157 2347 miro

99 2395 326 2406 ο--ιι-υ-ι--ι

136 2445 214 2520 )In
243 2449 341 2502 horum
367 2465 511 2502 numerum
541 2409 683 2504 referendi
712 2458 778 2504 sunt
803 2409 924 2504 Diocles
950 2414 1159 2529 Peparethiusl

174 2543 210 2604 0.
225 2547 332 2601 Fabius
350 2545 461 2612 Pictor,
479 2545 513 2601 L.
534 2545 663 2614 Cincius,
684 2548 763 2614 Cato,
783 2538 888 2613 Varro,
906 2543 958 2602 alii
971 2539 1028 2618 (cf.
1036 2546 1158 2660 Heyne',

103 2653 108 2661 ·
173 2641 237 2700 exc.
260 2643 330 2701 aad
349 2643 422 2699 Aen.
443 2642 526 2713 vll).

136 2738 175 2809 )
193 2731 343 2806 Studium,
362 2741 468 2808 quod
460 2756 490 2794 ιιι
511 2743 660 2797 verborum
680 2743 847 2814 originibus
867 2742 1036 2812 indagandis
1055 2749 1096 2798 et
1102 2749 1156 2800 eri-¹
1140 2765 1164 2788 -1

5 2833 6 2840 ’
104 2861 116 2874 .,
175 2836 319 2908 plican'dis
340 2847 478 2914 uersatur,
495 2840 552 2904 jain
571 2855 587 2892 a
603 2836 723 2895 Grae'ois
741 2859 838 2912 pamm
858 2842 892 2896 od
913 2841 1159 2911 grammaticese't

162 2934 336 3014 ..linguarum
349 2933 436 3004 leges
455 2944 602 2988 tractatum
619 2947 677 3002 est,
708 2937 783 2992 inter
799 2939 939 2998 Romanos
958 2948 1052 3005 autern¹
1068 2937 1160 3006 meris

177 3049 310 3087 sonorum
337 3031 452 3087 lusibus
475 3031 704 3098 continebatur,
717 3033 830 3102 quode
854 3035 977 3102 Catone,
1004 3034 1156 3120 Cicerone,

106 3111 112 3120 μ
149 3117 150 3122 ¹
174 3131 304 3186 Varrone
332 3138 360 3182 et
386 3127 454 3181 aliis
480 3138 598 3184 constat.
637 3127 711 3199 (Sic.
733 3132 794 3187 Jos.
817 3130 948 3200 Scaliger
968 3133 1159 3219 conjectaneia

177 3229 237 3281 suis
259 3227 289 3280 iu
308 3225 465 3282 Varronem
489 3223 613 3280 indicem
632 3227 778 3300 copiosum
799 3227 912 3282 addidit
932 3239 1025 3281 aarum
1047 3249 1155 3300 vocum,

178 3341 293 3391 quarum
320 3334 433 3396 etymon
457 3339 604 3395 perperam
622 3343 638 3379 a
657 3319 786 3381 Varrone
813 3325 967 3380 indicatum
986 3327 1077 3400 eststp
1099 3327 1156 3388 276

149 3401 154 3440 7
179 3419 250 3476 e'dit,
275 3419 419 3490 Bipont.).
460 3421 598 3494 Inprimis
623 3433 714 3478 autem
739 3423 769 3478 in
796 3423 958 3478 nominibus
989 3425 1100 3479 urbium
1127 3438 1157 3482 et

5 3513 6 3520 ’
106 3549 114 3558 -
149 3513 153 3522 ’
177 3515 346 3589 populorum
357 3517 538 3588 explicandis
557 3534 721 3590 perversum
739 3521 811 3576 illud
829 3510 955 3577 studium
973 3511 1157 3594 cernebaturp'

126 3625 131 3682 j
177 3615 338 3684 dequibus
365 3613 525 3681 innumerae
547 3633 592 3670 res
613 3619 807 3686 perridiculte
830 3617 1014 3675 aratoribus
1032 3620 1160 3693 scripto·-

110 3753 113 3762 ,
164 3711 258 3782 ,ribus
278 3711 405 3784 prolatae
429 3724 494 3786 sunt
519 3711 687 3789 (Nonnulla
698 3715 734 3768 de
759 3717 812 3768 hac
838 3733 869 3770 re
893 3717 1036 3774 annotavit
1059 3719 1159 3778 carol.

178 3808 299 3862 Knies'
291 3826 320 3863 m
343 3808 414 3862 diss.
436 3807 532 3878 inaug.
554 3813 600 3866 De
613 3811 766 3869 Praeneste
785 3811 903 3884 oppido,
924 3813 1048 3898 Rintelii
1071 3817 1155 3884 1846,

146 3897 149 3905 ’
178 3927 205 3982 p.
227 3903 332 3972 usq..)
371 3907 430 3960 Nec
450 3907 602 3976 permirum
619 3893 676 3962 hoc
703 3909 787 3963 nobis
809 3909 901 3962 videri
924 3922 1031 3980 potest,
1058 3911 1084 3965 si
1112 3931 1155 3966 re

179 4016 318 4076 putamus,
339 4001 422 4056 etiam
439 4004 627 4058 recentiorum
640 4016 795 4078 temporum
811 4006 1058 4078 historiographos
1074 4009 1155 4064 valde

179 4118 374 4171 nonnunquam
394 4101 424 4155 in
446 4101 491 4154 his
512 4104 597 4158 rebus
615 4104 772 4158 alucinatos
790 4119 863 4160 esse.
