2786 4600
745 253 771 334 2

674 364 848 379 Μ

235 489 391 572 scriptum
418 487 598 552 invenitur.
644 489 811 552 Scribitur
832 489 917 551 enim
938 487 1104 570 Hyginus,
1128 485 1294 570 Hygenus,

234 602 398 684 Higinus,
428 600 559 680 Iginus,
591 600 703 682 Ignius
724 610 755 663 et
778 602 826 663 sic
844 621 961 684 porro,
993 601 1166 682 exquibus
1190 599 1293 661 omni·

234 715 295 778 bus
327 705 461 776 nonnisi
485 712 602 775 formas
626 713 775 796 Hyginus
797 724 828 777 ct
849 713 1000 795 Hygenus
1024 713 1201 791 probandas
1227 730 1295 772 esse

234 845 357 891 censeo.
403 824 535 903 Quando
561 826 646 888 enim
668 835 793 907 etymon
817 826 910 901 hujus
933 824 1074 886 nominis
1094 824 1295 905 respitimus,

234 938 331 1002 facile
350 935 571 1016 intelligitur,
609 957 722 998 nomen
745 936 827 1000 illud
853 938 1004 1000 Graecam
1026 935 1170 998 indicare
1192 935 1295 1014 ortgi-

235 1049 370 1133 nem*),
401 1058 433 1110 et
463 1057 569 1111 ortum
597 1069 664 1111 esse
693 1070 731 1111 ex
760 1049 953 1115 Graecorum
981 1047 1138 1113 vocabulo
1164 1042 1294 1128 ὑγεινός,

236 1161 320 1243 quod
338 1179 396 1243 per
411 1180 570 1242 syncopen
586 1161 624 1223 fit
641 1179 678 1222 ex
699 1161 833 1240 ὑγιεινός
854 1163 1114 1244 quemadmodum
1134 1179 1174 1223 ex
1193 1158 1297 1240 tylem
1384 1225 1385 1244 y

235 1274 274 1336 fit
304 1272 405 1355 elysio.
463 1271 539 1332 vox
569 1279 671 1332 autem
695 1270 830 1352 Ὑγεινός
863 1273 979 1335 latino
1008 1291 1152 1334 sermone
1182 1287 1296 1333 souare

236 1393 343 1468 potest
369 1391 423 1445 out
450 1379 599 1462 Hyginus
622 1383 680 1444 aut¹
707 1381 880 1464 Hygenus3
911 1383 1046 1444 Romani
1078 1383 1163 1444 enim
1184 1401 1243 1461 pro
1270 1403 1297 1444 tt

235 1495 293 1561 vel
314 1494 404 1558 ivel
425 1515 441 1556 e
461 1493 641 1574 promiscue
662 1493 855 1559 scribebant.
897 1495 1007 1578 Atque
1032 1513 1148 1557 revera
1168 1493 1204 1554 iu
1226 1491 1294 1554 Ve-

237 1585 422 1672 ronensium
443 1605 656 1668 monumentis
676 1607 771 1668 etiam
783 1607 888 1669 ambae
901 1607 959 1669 bae
979 1605 1098 1668 formae
1121 1603 1293 1666 inveniun-

237 1729 302 1784 tur.
344 1718 495 1782 Attamen
516 1717 617 1779 forma
638 1717 805 1800 Hyginus,
839 1739 916 1801 quae
938 1719 973 1780 in
992 1715 1143 1799 plurimis
1165 1713 1294 1777 invem·
1385 1721 1386 1728 ’

236 1839 293 1895 tur
316 1829 582 1910 inscriptionibus
590 1829 640 1910 **)
661 1816 696 1892 et*
714 1831 845 1912 optimis
867 1829 1049 1911 codicibus,
1071 1827 1171 1892 multo
1193 1826 1294 1930 usita-

234 1943 306 2006 tior
332 1943 432 2005 fuisse
454 1941 588 2004 videtur
605 1963 698 2024 quam
730 1943 832 2005 forma
860 1943 1033 2026 Hygenus,
1061 1941 1195 2022 ideoque
1222 1939 1296 2002 sinc
1386 1979 1387 2000 t

236 2053 336 2120 (lubio
355 2063 403 2116 est
424 2052 637 2132 praeferenda.

256 2155 259 2162 ¹
322 2163 570 2228 Grammaticum
588 2173 835 2227 veronostram
853 2165 1049 2226 nominatum
1069 2162 1169 2224 fuisse
1186 2158 1294 2224 utu·
1386 2207 1387 2240 3

238 2275 320 2338 lium
341 2275 517 2357 Hyginum,
539 2285 665 2358 praeter
685 2275 872 2339 Suetonium
893 2285 1002 2338 narrat
1024 2275 1119 2338 etiam
1132 2271 1295 2355 Hierony-

238 2407 320 2467 mus,
343 2389 399 2468 qui
422 2387 457 2447 iu
476 2389 736 2451 annotationibus
757 2389 796 2450 ad
811 2385 944 2450 Eusebii
963 2388 1145 2451 Chronicon
1162 2386 1216 2466 (cl.
1228 2383 1295 2448 An·
1387 2399 1388 2406 ’

240 2499 306 2581 geli
327 2499 407 2573 Maii
428 2498 516 2564 vett
543 2500 662 2581 Script.
691 2501 787 2564 Nova
817 2499 899 2564 coll.
928 2499 1017 2564 Tom.
1039 2499 1137 2578 VIII,
1160 2519 1192 2579 p.
1217 2503 1296 2582 371)
1387 2491 1388 2494 ¹

239 2611 298 2674 sub
320 2610 499 2692 olympiade
532 2615 593 2678 193
621 2612 733 2674 haecce
759 2613 946 2674 annotavit:
975 2610 1073 2674 Gaius
1096 2609 1205 2672 Julius
1225 2610 1296 2692 lly-

239 2722 354 2802 ginus,
385 2723 624 2802 cognominatus
657 2722 865 2805 Polyhistor,
902 2723 1125 2804 grammaticus
1163 2723 1298 2786 babetur

239 2833 409 2914 insignisu
455 2833 579 2912 Quibus
608 2832 800 2916 Hieronymi
822 2837 933 2899 uerbis
955 2833 1051 2898 simul
1072 2837 1295 2916 comperimus,

238 2951 465 2966 Ἠ

278 3007 304 3084 ¹)
324 3010 431 3074 Nomen
453 3008 565 3080 Hygini
586 3011 710 3064 Graecae
735 3027 799 3066 esse
819 3010 947 3084 originis
966 3021 1061 3068 censet
1080 3011 1163 3068 etiam
1182 3007 1295 3062 Phocas

317 3123 431 3174 gramm.
452 3102 501 3176 (cl.
516 3105 626 3178 Corpus
646 3125 761 3176 gramm.
783 3110 829 3168 ed.
851 3111 958 3166 Putscb
976 3129 1004 3179 p.
1022 3104 1120 3173 1702),
1140 3103 1220 3158 hisce
1234 3122 1297 3159 ver-

315 3202 363 3258 bis
390 3213 486 3256 utens:
518 3201 665 3258 Secundae
692 3187 894 3260 declinationis
919 3215 985 3258 sunt
1010 3203 1117 3258 Graeca
1142 3201 1296 3257 masculina

232 3311 236 3320 ¹
317 3299 363 3354 vel
382 3299 532 3365 feminina,
555 3317 625 3368 quae
645 3317 677 3356 os
697 3301 809 3372 syllaba
830 3301 912 3356 brevi
933 3299 1135 3364 terminantur,
1163 3317 1180 3352 o
1197 3298 1295 3354 littera

316 3395 347 3449 in
368 3383 386 3450 u¹
406 3406 527 3461 mutata,
555 3406 586 3448 ut
609 3397 656 3450 bic
676 3397 832 3463 Homerus,
853 3396 897 3451 ri:
921 3396 1040 3466 lgInuS,
1066 3395 1162 3466 igini:
1188 3397 1295 3469 Tyrus,

316 3492 417 3565 Tyri«
441 3503 495 3545 etc.
1009 3477 1016 3502 ⁸

277 3587 314 3662 ⁸⁸)
335 3590 379 3646 (ll.
403 3589 487 3642 inser.
502 3605 587 3642 urnae
607 3589 637 3644 in
658 3591 857 3646 commentario
867 3591 933 3645 Job.
947 3589 1057 3644 Rhodii
1072 3589 1102 3644 in
1115 3590 1295 3646 Scribonium

314 3688 438 3754 Largum
459 3685 585 3754 (Patavii
603 3687 689 3755 1665)
703 3707 731 3758 p.
746 3689 797 3760 773
820 3687 937 3742 Gruteri
948 3688 1033 3742 Thes·
1048 3659 1191 3760 inscriptt.
1213 3686 1296 3756 (Am-

315 3783 416 3840 stelod.
436 3781 521 3850 1707)
542 3784 621 3838 Tom.
641 3786 664 3850 1,
676 3804 705 3856 p.
721 3787 784 3850 112,
804 3803 847 3838 nr.
868 3785 903 3850 33
923 3801 953 3854 p.
976 3785 1097 3851 872‚nr.
1113 3787 1164 3856 ll3
1185 3801 1211 3856 p.
1226 3783 1294 3850 935,

314 3879 415 3950 nr.8;
455 3897 483 3952 p.
505 3880 571 3946 938,
590 3899 633 3937 nr.
659 3883 711 3949 135
750 3901 779 3954 p.
799 3879 874 3949 956,
892 3898 935 3936 nr.
961 3883 1015 3952 123
1049 3899 1078 3952 p.
1099 3868 1173 3946 957,
1194 3880 1293 3946 nr.5;

314 3994 345 4046 p.
368 3977 450 4042 1033,
469 3993 513 4034 nr.
538 3978 591 4044 13,
614 3997 641 4049 p.
658 3979 741 4046 tots,
763 3995 805 4034 nr.
821 3983 854 4046 13
875 3995 904 4052 p.
927 3979 1016 4046 1077;
1034 3975 1184 4045 maraton,
1204 3975 1292 4049 corp.

315 4071 460 4142 inscriptt.
480 4073 560 4131 Tom.
583 4075 622 4143 11,
644 4093 674 4147 p.
692 4075 760 4144 996,
781 4093 823 4134 nr.
848 4077 880 4150 13
901 4075 984 4144 1178,
1001 4091 1046 4134 nr.
1065 4075 1095 4134 6.
