2786 4600
530 260 704 388 33

91 501 176 564 enim
197 498 308 586 quaeri
328 505 444 580 potest,
464 505 576 562 numa
593 421 841 582 mythographo,
861 501 964 582 quiin
978 481 1150 564 conficien-

89 614 141 677 dis
154 611 251 676 libris
271 611 341 673 suis
362 609 598 674 diversissimis
622 611 766 674 fontibus
785 630 861 673 usus
884 622 932 673 est
941 613 1150 692 ,exspectari

92 728 206 808 possit,
230 743 312 804 eum,
334 722 417 804 quod
429 723 482 785 de
488 723 628 804 mythica
639 724 745 804 aquua
767 745 802 786 re
825 725 859 785 in
878 745 942 786 uno
970 725 1056 787 libro
1086 733 1150 786 sta-

90 837 211 918 tuerit,
238 837 345 905 etiam
356 837 394 900 in
423 833 488 896 alio
519 835 674 916 proferre.
715 835 843 898 Potuit'
850 859 924 902 sane
945 836 1126 918 Hyginus
1115 855 1150 897 ιιι

83 946 352 1036 diversiclibris,
375 915 434 1010 nbi
452 946 489 1010 de
514 941 620 1010 eadem
639 967 675 1010 re
690 950 812 1028 agebat,
834 951 983 1048 diversos
1006 959 1149 1034 auctores
1234 925 1240 937 ι

88 1064 190 1146 sequi.
219 1063 412 1140 Praeterea,
426 1060 457 1122 si
477 1059 598 1122 Badius
622 1081 662 1122 ex
681 1060 818 1140 fabulis,
841 1042 920 1142 quae
943 1059 1043 1140 vulgo
1065 1060 1151 1124 Julii

83 1175 214 1262 Hygini
228 1193 294 1236 esse
304 1173 468 1252 dicuntur,
481 1149 692 1245 conjecturam
700 1172 807 1235 facere
817 1172 932 1252 vellet,
958 1181 1029 1234 ante
1045 1173 1151 1234 omnia

88 1286 155 1368 ipsi
183 1283 460 1364 demonstrandum
491 1292 579 1362 erat,
600 1283 698 1348 'illam
719 1279 897 1350 fabularum
931 1284 1151 1364 collectionem
1235 1297 1240 1311 ·

88 1393 206 1462 reuera
235 1397 346 1460 liberti
372 1393 562 1476 Augustalis
591 1417 679 1474 esse,
709 1399 763 1461 sed
788 1393 861 1478 'ipse
892 1397 929 1480 (l.
951 1397 973 1461 ι.
995 1417 1026 1477 p.
1049 1392 1150 1473 XVI)

88 1509 236 1573 inillam
259 1509 448 1571 sententiam
473 1493 729 1587 inclinat,³huic
750 1487 885 1592 Hygino*
903 1508 993 1572 illam
1012 1507 1150 1588 farragi-

88 1622 196 1706 ginem
213 1639 278 1689 nou
287 1631 367 1685 'esse
383 1619 639 1684 adscribendam

172 1759 283 1824 Vides
297 1759 410 1858 igitur,
433 1745 525 1860 quani
547 1756 674 1820 lubrico
695 1755 898 1824 fundamento
919 1759 1015 1890 Rodii
1035 1759 1074 1822 de
1091 1758 1160 1822 hac*

80 1887 126 1939 're
142 1872 302 1936 sententia
322 1872 477 1954 nitatur.
1132 1875 1137 1894 ι

81 1995 84 2004 ’
173 2012 295 2110 Restat,
314 2020 350 2073 ut
372 2010 403 2072 et
427 1987 503 2076 Chr.
517 2003 559 2076 G.
575 2011 699 2094 Heynii
717 2007 755 2074 (le
773 2011 834 2075 hoc
855 2009 941 2073 libro
961 1967 1151 2078 sententiam

89 2103 256 2206 attingam,
281 2124 373 2205 qu'am
381 2105 550 2212 protulit'
540 2144 573 2186 ιιι
591 2133 758 2188 comment.
781 2124 819 2202 ad
834 2123 929 2206 Virg
955 2121 1045 2203 (edit.
1053 2130 1151 2201 tert,

88 2238 226 2332 Lipsiae
243 2228 340 2332 1800)
361 2234 440 2298 Vol.
462 2235 508 2314 V,
529 2256 580 2317 pg.
597 2241 681 2317 534,
706 2237 763 2300 uhi
785 2237 823 2298 oe
848 2236 989 2317 antiquis
1004 2225 1152 2314 Virgilii

61 2323 390 2419 ⁴commentatoribus
417 2346 511 2424 agit
536 2345 674 2408 Dubitat
699 2339 868 2430 Heynius,
886 2369 973 2416 num
1001 2347 1152 2440 Hyginus
1244 2399 1246 2403 .

87 2436 285 2542 singularem
303 2455 339 2518 in
362 2452 543 2560 Virgilium
555 2461 814 2550 commentamum
828 2459 1009 2550 scripserit,
1030 2467 1064 2520 ct
1075 2476 1151 2538 pro·

88 2573 196 2638 habile
218 2577 291 2635 csse
306 2578 409 2653 putat,
432 2567 598 2653 Hyginum
620 2592 667 2652 ea,
690 2581 771 2656 'quae
785 2595 811 2636 a
831 2573 939 2638 Gellio
961 2559 1150 2648 afferuntur,

90 2685 167 2749 aliis
188 2683 222 2745 in
243 2683 352 2761 libris,
376 2691 413 2744 ut
431 2681 469 2746 te
483 2684 633 2758 ,urbibus
652 2683 779 2774 Italicis
799 2696 832 2749 et
851 2685 889 2748 cle
910 2678 1045 2750 familiis
1067 2681 1150 2762 Tro·
1218 2743 1222 2751 ,

90 2795 186 2874 janis,
201 2789 358 2858 attulisse.
401 2788 564 2876 Attamen,
577 2797 673 2879 quuin
688 2817 784 2878 supra
794 2797 985 2874 viderimus,
1009 2791 1151 2857 Gellium

90 2907 214 2982 dnobus
235 2904 271 2966 in
293 2902 374 2999 locis
396 2905 440 2986 (I,
463 2911 502 2972 21
527 2904 557 2988 ξ.
579 2905 652 2974 ιιι
675 2894 825 2996 ΧἮ,“6
850 2906 878 2988 §-
901 2896 955 2988 14)
983 2886 1046 2967 tale
1071 2921 1151 2983 opus

91 3019 225 3103 Hygino
247 3014 442 3097 adscribere,
461 3015 601 3099 apparet,
622 3016 745 3102 Heynii
764 3017 801 3081 de
813 3017 943 3101 Hygino
961 3016 1151 3099 sententiam
1261 3066 1265 3072 .
1309 3063 1313 3069 .

79 3116 240 3214 ¹probari
243 3147 308 3219 non
327 3147 429 3207 posse,
451 3128 578 3190 etiamsi
598 3129 830 3208 concedendum
854 3139 913 3210 est,
934 3121 1048 3224 curtii.
1068 3126 1089 3192 l.
1112 3126 1151 3190 de

91 3243 185 3322 aliis,
217 3240 273 3322 qui
297 3239 397 3321 vulgo
420 3239 508 3302 inter
529 3251 805 3306 commentatores
810 3240 953 3330 Virgilii
982 3240 1149 3333 nominan-

90 3365 157 3428 tur,
177 3373 298 3415 summo
320 3351 390 3426 iure
411 3335 573 3433 statuisse,
594 3375 647 3418 eos
661 3376 725 3417 non
745 3356 782 3419 in
798 3324 1150 3434 singularibuslibellis

91 3464 272 3545 Virgilium
296 3474 522 3527 commentatos
546 3487 633 3545 esse,
655 3467 708 3530 sed
730 3467 855 3548 potius,
879 3487 957 3548 quae
983 3464 1086 3526 exiis
1111 3462 1150 3524 ad
1248 3529 1254 3533 ,

89 3575 274 3657 Virgilium
296 3575 681 3658 sermocinaremur,
705 3577 837 3652 inullis
856 3577 1073 3659 grammaticis
1092 3573 1150 3638 vel

91 3687 265 3772 exegeticis
286 3685 383 3748 libris
402 3688 586 3767 protulisse.
615 3701 632 3735 a

176 3855 264 3936 Quae
274 3875 372 3936 qutun
382 3853 428 3918 ita
438 3855 517 3937 sint,
528 3856 623 3924 vides
633 3854 755 3918 nullam
769 3875 834 3918 esse
853 3875 976 3923 oausam
991 3823 1148 3934 idoneam,

90 3988 161 4050 cur,
178 3963 375 4048 singularem
403 3962 541 4048 librum,
574 3967 691 4049 inquo
714 3964 896 4048 Virgilium
922 3971 1149 4058 comnrentatus
1197 4031 1199 4036 ,

91 4087 174 4161 erat,
197 4077 234 4148 G.
256 4078 348 4144 Julio
364 4077 505 4162 *Hygino
524 4081 748 4156 abiudicemus.
806 4093 809 4100 ’
