2786 4600
79 481 358 561 Aeneiddtuusiix,
377 481 433 548 vel
455 491 492 546 ut
514 481 626 546 Zoilus
647 483 682 546 in
702 481 888 566 Homerum,
909 490 999 563 c'ujus
1012 491 1137 554 acerbi}

78 607 127 660 tos
156 597 192 658 in
213 594 384 678 proverbii
413 597 672 660 consuetudinem
700 597 811 674 veuit3
844 599 899 662 sed
927 601 1074 682 pluribus
1101 601 1136 666 in

58 707 173 788 'loeis,
195 707 253 788 ubi
276 711 417 770 'errorem
436 727 470 770 se
491 707 735 788 deprehendisse
753 710 893 790 putebat,
915 721 1136 796 annulaverat,

77 841 112 884 se
137 819 341 899 existimare,
372 818 553 900 Virgilium
582 817 668 881 certe
696 818 784 882 locos
814 820 891 886 illos
919 820 1138 888 correcturum

76 932 201 1010 fuisse,
235 929 302 994 uisi
325 949 413 1006 mors
433 950 518 992 eum
543 940 802 1011 praeoccupasset
833 933 887 1013 (cf,
909 934 993 998 Gen·
1017 922 1139 1028 ,ph-1⁶
1228 924 1232 935 .

76 1041 152 1125 §.l
174 1050 206 1104 et
227 1040 293 1122 11).
337 1040 573 1123 Nonnunquam
599 1029 680 1103 vero
702 1041 872 1124 Hyginus,
903 1047 1050 1109 conscius
1078 1049 1136 1112 do·

76 1155 211 1232 etrinee,
232 1151 360 1232 lougius
378 1171 566 1234 progressus
587 1161 647 1231 est,
669 1153 832 1238 multaque
854 1155 952 1220 nimis
970 1158 1137 1221 subtili-ter

75 1265 252 1347 explicasse
272 1264 427 1345 videtur,
449 1265 496 1328 ita
521 1273 576 1346 ut,
608 1265 638 1328 si
658 1267 895 1329 contentionem
912 1241 1016 1332 iecere
1037 1269 1136 1350 velis,

74 1399 147 1460 eum
168 1378 206 1441 de
220 1376 277 1440 hac
291 1395 326 1438 re
340 1375 414 1444 ,iere
429 1388 615 1458 componere
632 1379 737 1458 possis
751 1398 822 1440 cum
832 1371 971 1443 P'ro'dicc
982 1380 1138 1462 sophista,

74 1491 132 1572 qm
154 1490 217 1554 eur
240 1488 435 1552 differenti·
462 1497 495 1550 u
515 1488 767 1573 propendemus
789 1489 1021 1556 vocabulorum
1045 1473 1137 1560 aean

74 1601 266 1672 deliniendis
289 1599 424 1664 multum
451 1601 516 1664 arti
537 1601 716 1687 rhetoricae
733 1602 870 1683 profuit,
892 1612 997 1668 tamen
1019 1601 1055 1666 in
1076 1603 1137 1666 lroc

74 1714 183 1778 studio
194 1711 331 1776 'modum
349 1729 576 1793 nonnunquam
596 1712 752 1792 excessit,
782 1721 821 1776 ut
847 1721 970 1780 constet
990 1733 1025 1780 v.
1046 1734 1074 1780 o.
1095 1732 1136 1778 ex

73 1824 223 1898 Plutonis
244 1822 431 1902 Protagora.

97 1981 101 1988 ’
157 1987 338 2071 'Antequam
351 2007 429 2052 vero
443 1984 572 2070 longius
583 1987 618 2052 in
630 1987 851 2054 enumerandis
869 1987 993 2073 Hygini
1004 1985 1136 2074 scriptis

72 2101 532 2196 progrediamumidenmus',
553 2101 701 2184 quidulii
723 2102 761 2165 dc
781 2102 840 2166 hoc
850 2099 937 2166 libro
953 2077 1135 2167 statuerint.

73 2215 208 2291 Priores
222 2211 350 2298 quidem
370 2233 395 2276 v
408 2231 441 2278 v.
457 2210 523 2293 dd,
543 2224 693 2297 quantum
706 2213 786 2294 scio,
811 2233 875 2278 non
893 2213 1135 2291 dubitaverunt,

74 2327 155 2410 quin
175 2305 395 2388 commentarii
417 2321 475 2384 isti
495 2323 531 2383 in
549 2311 742 2405 Virgilium,
763 2345 843 2407 quos
857 2325 984 2387 Gellius
1006 2323 1044 2384 ab
1064 2319 1135 2404 Hy·

73 2437 153 2522 gino
170 2435 332 2519 proiectos
354 2431 525 2513 essedioit,
545 2433 687 2516 Augusti
708 2434 826 2499 liberto
841 2433 1042 2498 adscribendi
1056 2433 1134 2512 sint,

75 2553 164 2616 inter
193 2549 515 2628 recentiorcstemen
551 2546 590 2612 G.
611 2546 654 2612 H.
675 2545 831 2626 Rodium,
860 2563 895 2611 v.
918 2542 980 2626 cl,
1010 2544 1048 2606 ab
1078 2541 1137 2605 hac

73 2664 231 2728 sententia
252 2659 370 2722 abiisse
383 2656 482 2720 'vidi'
499 2655 556 2736 (cl.
580 2659 648 2734 ejus
667 2658 771 2746 praei.¹
793 2657 831 2722 ed
858 2667 925 2722 tres
948 2655 1135 2740 Mythogra-

74 2773 158 2858 phos,
188 2771 336 2835 Vatican.
377 2789 408 2850 p.
444 2767 568 2850 XIV).
608 2770 718 2840 Verba
752 2772 819 2845 ejus
854 2765 931 2832 haec
961 2779 1057 2834 sunt:
1099 2791 1136 2834 uc

74 2859 115 2949 ne
138 2885 167 2946 is
195 2881 324 2964 quidem
343 2879 485 2959 Augusti
505 2877 643 2942 libertus
666 2891 733 2960 est,
762 2901 853 2964 quem
875 2881 1023 2962 Virgilio
1046 2901 1139 2960 code·¹

73 2979 202 3061 terreum
223 2993 322 3056 luisse
343 2997 480 3072 oportet,
502 3009 559 3052 nec
579 2989 745 3072 probabile
771 2999 841 3070 est,
869 2989 1016 3072 Virgilio
1035 2991 1136 3054 adhuc

74 3111 210 3174 vivente
242 3121 428 3188 quemquem
458 3101 697 3182 grammaticum
726 3104 969 3170 commentarios
996 3102 1032 3166 in
1052 3104 1133 3167 Vir·

75 3220 152 3306 gilii
174 3239 269 3301 opera
290 3215 490 3298 scripsissem

162 3349 225 3449 sid
245 3385 330 3466 quis,
353 3402 482 3467 quaero,
504 3380 678 3460 contendit,
701 3379 960 3443 commentarium
983 3377 1076 3444 illum
1096 3379 1140 3468 εἰ),

76 3498 209 3582 Hygino
235 3497 391 3578 scriptum
418 3496 518 3559 luisse
547 3487 682 3556 viv'ente
709 3491 810 3556 adhuc
838 3489 1009 3573 Virgilicl
1052 3493 1133 3574 Imo,

76 3608 228 3696 quamdiu
250 3607 415 3686 Virgilius
437 3608 537 3686 vixit,
558 3604 732 3703 Aeneidem
748 3607 815 3679 ejus
835 3623 898 3667 non
911 3604 1025 3665 editam
1035 3602 1135 3666 inisse

77 3725 215 3798 scimus3
252 3739 288 3780 ec
321 3719 445 3780 etiarnsi
472 3713 621 3780 Bucolica
657 3724 688 3777 et
714 3715 868 3796 Georgica
898 3715 965 3796 ipse
994 3715 1136 3778 ediderat

76 3831 264 3916 Virgilius,
294 3839 397 3893 tamen
429 3849 467 3891 ex
491 3827 600 3891 Gellio
629 3825 722 3910 pleno
740 3825 820 3889 mihi
841 3829 971 3908 prodire
992 3825 1135 3906 videtur,
1216 3885 1219 3892 ,

78 3943 338 4016 commentarium
350 3939 442 4002 illum
465 3940 515 4022 (in
536 3961 598 4022 quo
609 3937 782 4002 Aeneidem
793 3959 916 4021 quoque
926 3936 1136 4024 explicuerat)
1162 3961 1166 3972 .

79 4037 119 4124 db
150 4058 282 4140 llygiuo
321 4063 396 4138 post
432 4057 593 4118 mortuum
622 4051 745 4116 demum
771 4049 952 4131 Virgilium
979 4051 1138 4136 scriptum

745 4162 805 4230 3*

1327 480 1365 556 ‘i

1305 559 1366 702 l
