2786 4600
529 239 704 366 *li-

85 481 234 546 oculusne
267 475 349 560 apud
380 473 524 539 Gellium
549 474 584 536 in
613 473 708 540 Noct.
733 475 802 541 A-tt.
828 471 891 555 ΙΙΙ,
910 479 943 554 9,
965 478 1021 559 qul
1044 496 1082 542 eu
1103 477 1148 542 lls

86 591 362 656 narratiunculam
388 589 481 652 affert
512 586 551 650 de
580 605 660 668 equo
693 587 817 660 Seiano.
847 587 955 650 Verba
977 591 1046 665 ejus
1070 587 1148 654 laec

85 709 180 768 sunt:
212 703 334 766 Gabios
351 701 466 764 Bassus
490 699 527 762 in
548 697 794 760 Commentariis
819 699 908 778 suis,
942 699 1018 764 item
1037 701 1147 765 Julius

88 817 254 880 Modestus
277 815 313 876 in
340 809 479 876 meando
506 809 735 890 Quaestionum
754 811 958 874 confusarum
977 813 1147 878 historiam

84 930 124 992 de
145 947 227 1009 equo
242 925 355 1000 Seiano
375 901 478 986 'tradit
495 921 625 1003 dignam
642 923 795 988 memoria
813 932 906 1003 atque
925 923 1145 992 admiratione.

84 1041 144 1104 Cn.
171 1038 281 1106 Seiam
310 1035 488 1117 quempiam
509 1033 609 1096 luisse
638 1031 805 1112 scribunt,
836 1053 968 1115 eumque
998 1033 1146 1100 habuisse

83 1171 197 1235 equum
213 1157 328 1210 uatum
347 1146 449 1228 Argis
469 1145 506 1208 in
527 1153 614 1206 terra
638 1141 792 1229 Graecia,
821 1144 861 1207 de
886 1165 948 1226 quo
964 1145 1050 1208 »lama
1072 1167 1146 1210 con·

83 1271 171 1326 stans
193 1265 287 1338 esset,
309 1268 456 1340 tanquam
476 1253 514 1320 de
534 1273 649 1336 genere
667 1256 855 1335 progenitus
871 1256 972 1336 ¹foret,
991 1258 1048 1340 qui
1062 1257 1145 1338 Dic.
1210 1294 1214 1304 .

81 1373 183 1438 medis
202 1371 337 1434 Thracis
357 1369 512 1443 scismata
543 1359 622 1449 quos
645 1365 824 1446 Hercules,
850 1367 1012 1432 Diomede«
1025 1370 1144 1449 occiso,

82 1508 99 1550 e
120 1484 257 1549 Thracia
274 1483 388 1564 ⁴Argos
407 1479 621 1562 perduxisset.
666 1465 747 1543 Eum
775 1499 889 1560 equum
913 1479 1013 1542 luisse
1034 1479 1147 1546 dicunt

82 1596 302 1682 maguitudino
324 1593 515 1670 isavisitata,
538 1591 666 1654 cervice
686 1590 804 1669 ardua,
829 1591 937 1654 colore
954 1591 1143 1675 piscaniam,¹

64 1709 165 1772 'flora
181 1713 221 1770 et'
232 1705 374 1770 comanti
387 1704 462 1768 iuba
473 1725 485 1781 3
498 1702 716 1782 'omnibusque
730 1700 806 1762 aliis
826 1721 977 1782 equorum
995 1703 1145 1781 laudibus

82 1839 207 1902 quoque
228 1816 323 1898 longe
345 1815 570 1898 praestitisse;
601 1812 656 1874 sed
678 1813 809 1874 cundem
831 1831 945 1894 equum
966 1814 1026 1876 tali
1043 1816 1145 1882 fuisso
1244 1860 1251 1872 .

80 1929 244 1994 lato-sive
264 1927 394 1991 fortuna
416 1925 553 2003 icrunt‚·
572 1932 608 1986 ut
627 1923 776 2005 quisquis
796 1923 927 1986 haberet
948 1942 1019 1988 eum
1038 1909 1153 2008 possi.‘

81 2045 245 2123 doletque
266 2039 356 2102 utis
379 2057 450 2100 cum
470 2037 557 2100 omni
577 2037 689 2115 doma,
709 2034 833 2098 familia
854 2026 1165 2118 senonisque-oms

80 2155 178 2218 nibeis
199 2151 268 2215 suis
287 2151 325 2214 ad
345 2149 598 2214 internecionem
612 2167 713 2230 usque
733 2147 903 2228 deperiret.
948 2145 1060 2231 ltaque
1071 2150 1145 2231 pri»
1249 2128 1280 2212 ¹,

81 2285 168 2328 mum
189 2263 283 2329 illam
309 2262 368 2327 Gn.
387 2262 510 2339 Seium,
533 2261 695 2351 deminum
714 2259 795 2338 eius,
817 2259 894 2324 alli.
910 2259 1064 2341 Antonio,
1084 2261 1145 2343 qul

81 2383 191 2458 postea
217 2371 391 2436 Triumvlr
416 2370 613 2450 reipublicae
642 2369 880 2456 constituendae
908 2371 994 2453 luit,
1027 2373 1143 2454 capitis

81 2480 811 2564 damnatum,miserandosupplioioalsectum
825 2501 913 2543 esse:
934 2483 1043 2545 ecdem
1062 2493 1144 2546 tcm-
1241 2493 1246 2501 “

79 2623 157 2686 pore
178 2595 366 2664 Cornelium
383 2591 584 2660 Dolabellam
608 2591 783 2671 consulem,
805 2595 840 2654 in
861 2593 989 2676 Syriam
1010 2593 1142 2676 prolicit

80 2722 233 2791 suentem,
245 2711 327 2774 fama
340 2707 436 2771 istius
442 2704 518 2788 'equi
525 2705 704 2783 adductum,
723 2703 832 2786 Argos
841 2705 1031 2787 devertisse,
1046 2707 1144 2770 emisa

80 2843 176 2908 seque
199 2841 272 2886 eum
292 2818 454 2884 sestertiis
474 2825 600 2880 cantum
621 2815 787 2882 millibus:
819 2817 873 2879 sed
892 2819 997 2900 ipsum
1018 2795 1143 2900 duoque

79 2933 282 3004 Dolabellam
301 2932 338 2992 in.
360 2929 456 3010 Syria
470 2927 557 2990 bello
579 2926 676 2989 civili
697 2928 860 2990 obsessum
889 2938 982 3010 atque
1005 2928 1141 2992 interfe-

80 3061 166 3115 mem
179 3065 275 3112 ,esses
298 3061 373 3110 neon
395 3038 527 3106 cundem
546 3057 662 3120 equum
685 3036 969 3120 cesenatem
988 3037 1142 3104 Dclmels

79 3162 144 3227 lam
162 3151 542 3234 obsederataltduxissa.
584 3148 666 3212 Eum
688 3148 832 3212 Cassium
856 3151 1062 3232 poetea‘satis
1083 3159 1143 3216 nti-l
1256 3207 1259 3215 .

79 3284 150 3338 tum
169 3279 229 3351 est,
251 3269 353 3334 victis
374 3263 540 3346 partibus,
565 3261 702 3342 fusoque
723 3263 867 3326 exercitu
885 3283 963 3344 suo,
993 3264 1145 3328 miserm

79 3391 215 3446 nmrtem
225 3380 416 3461 oppeciisse:
439 3374 552 3440 deinde
565 3373 744 3438 Antonium
756 3376 1008 3456 iaostinteritum
1021 3374 1142 3456 Cassii-,-

80 3501 171 3580 pontt
191 3489 351 3569 victoria,
382 3509 497 3572 equum
520 3484 614 3549 illum
636 3485 778 3551 nabilem
808 3487 915 3552 Cassii
944 3486 1140 3569 requisisses

81 3615 113 3669 ct
133 3623 205 3668 cum
221 3621 257 3664 cc
267 3602 388 3682 potitus
401 3609 494 3680 esset,
518 3598 622 3682 ipsum
640 3617 765 3681 quoque
779 3607 892 3680 'pastea
909 3599 1142 3680 victumaeque
1210 3666 1220 3677 ,

81 3719 241 3784 desertum
270 3711 451 3776 detestabili
482 3712 585 3774 exitio
608 3711 782 3776 interiisse.
826 3711 912 3774 Hinc
932 3709 1142 3791 proverbium

82 3831 120 3893 de
148 3824 332 3890 hominibus
363 3821 557 3900 calamitosis
585 3829 711 3900 ortum,
743 3819 870 3900 dicique
902 3822 1051 3886 solitums
1081 3817 1141 3882 ille

83 3943 176 4024 homo
197 3939 290 4005 habet
310 3955 424 4018 equum
447 3932 633 4016 Seianum‘f
651 3969 693 3982 -
716 3930 908 4002 Continebat
928 3932 980 3994 hic
1001 3929 1142 3996 Modesti
1275 3980 1280 3990 .

84 4052 170 4118 liber
190 4051 261 4114 siue
281 4049 379 4114 dubio
398 4046 524 4112 variam
543 4065 580 4108 ac
604 4040 780 4119 miscellam
810 4041 1007 4124 doctrinam,
1029 4023 1143 4114 ,simili

748 4157 771 4222 2
790 4152 809 4198 s
