2786 4600
739 199 789 286 22

412 609 414 618 Ι
477 499 502 580 l.
555 496 839 580 Commentariis
868 497 1066 606 Virgilium.

653 660 790 742 ..Frgm
823 667 851 728 l.

314 794 463 875 Gellius,
494 797 538 866 N.
558 798 627 864 Αιι.
650 799 688 880 Ι,
710 805 749 867 21
763 801 795 884 *)
824 800 886 882 (cd.
909 799 950 864 A.
975 798 1058 861 Lion
1082 797 1172 862 Tom.
1195 797 1234 876 1,
1255 816 1287 876 p.

232 913 293 976 136
323 910 402 991 sq.):
440 907 506 990 n(§.
529 913 562 992 l)
596 912 721 974 Versus
753 915 832 974 istos
869 933 908 974 ex
947 909 1116 992 Georgicis
1145 905 1289 989 Virgilii

233 1021 294 1102 [11‚
315 1020 390 1100 246]
413 1021 559 1105 plerique
578 1044 685 1087 omnes
709 1025 757 1087 sic
774 1024 906 1107 legunt:
934 1025 982 1088 Ae
1010 1043 1104 1105 sapor
1130 1021 1288 1083 indicium

231 1133 327 1196 faciet
347 1134 545 1216 rnenifestus,
568 1142 599 1196 et
620 1157 676 1198 ors
696 1137 820 1201 Tristis
840 1147 1019 1202 tentantem
1041 1156 1134 1199 sensu
1157 1143 1286 1212 torque-

221 1231 279 1306 'bit
297 1264 434 1308 emorost
479 1243 525 1326 (ἓ.
547 1245 581 1326 2)
605 1225 744 1326 lliginus
763 1258 885 1327 sulem,
916 1269 980 1310 non
1000 1248 1105 1309 hercle
1132 1243 1288 1325 ignobilis

229 1357 463 1439 grammaticus,
486 1357 523 1418 in
543 1359 797 1440 commentariis,
825 1381 903 1442 quae
932 1361 968 1422 in
990 1357 1170 1446 Virgilium
1197 1355 1286 1430 fecit,

228 1468 396 1532 confirmet
416 1476 448 1530 ιι
468 1479 664 1550 perseveret,
686 1491 749 1532 non
771 1471 831 1532 lroc
844 1493 861 1534 e
876 1471 1022 1552 Virgilio
1043 1469 1206 1546 relictum,
1230 1464 1286 1526 sed

229 1580 312 1662 quod
337 1581 406 1660 ipse
427 1579 594 1642 invenerit
622 1581 656 1642 in
677 1581 783 1662 libro,
813 1585 869 1666 qui
897 1583 997 1646 fuerit
1017 1603 1057 1646 ex
1078 1581 1169 1646 domo
1192 1585 1285 1658 atque

229 1689 352 1784 semilis
373 1690 534 1771 Virgiliis
564 1731 608 1743 --
624 1732 666 1745 -
691 1689 723 1758 ei
754 1715 809 1757 ore
837 1695 963 1758 Trisria
991 1691 1168 1758 lentandum
1191 1709 1286 1752 seusu

228 1802 392 1886 torquebit
418 1817 573 1869 emerere
618 1803 664 1887 (ἕ.
689 1805 724 1888 3)
756 1807 869 1890 Neque
898 1809 932 1872 id
964 1807 1027 1871 soli
1054 1806 1197 1886 lllgino,
1228 1799 1285 1864 sed

229 1918 333 1982 doctis
356 1917 543 2000 quibusdam
566 1919 660 1980 etism
684 1921 770 1984 viris
795 1921 1034 2000 complacitum:
1060 1919 1210 2001 quoniam
1230 1913 1286 1976 vi-

227 2031 323 2095 detur
344 2029 477 2094 absurde
494 2031 583 2092 'dicis
607 2051 701 2110 sapor
721 2041 815 2094 sensu
834 2050 940 2094 eruero
954 2038 1099 2112 torquet3
1122 2025 1285 2105 cumipse,

226 2143 391 2226 inquiunt,
412 2161 507 2220 sapor
529 2161 640 2203 sensus
662 2145 719 2223 sit,
738 2163 802 2204 non
824 2140 923 2204 ellum
944 2143 980 2202 in
1000 2139 1191 2219 semetipso
1212 2157 1285 2198 serr-

227 2272 297 2317 sum
313 2255 445 2344 habear:
467 2272 503 2314 sc
527 2252 660 2336 perinde
693 2255 854 2336 sit-quasi
884 2244 1025 2317 dicatum
1055 2271 1166 2314 sensus
1190 2267 1286 2312 sensu

227 2380 346 2428 omero
360 2373 497 2447 torquet.
542 2361 587 2446 (ἓ.
610 2365 644 2446 4)
674 2365 737 2429 Sed
766 2367 850 2428 enim
881 2387 950 2428 oum
978 2358 1142 2428 Favorino
1168 2360 1285 2442 lligini

103 2486 107 2492 '
227 2479 488 2541 commentarium
509 2477 674 2586 legissem,
706 2486 799 2559 etque
821 2477 851 2540 ei
879 2477 987 2540 stadim
1010 2475 1175 2556 displicita
1202 2480 1285 2535 esset

227 2588 400 2652 insolentie
429 2600 460 2652 et
491 2563 671 2652 insuavitas
694 2589 809 2652 illius:
843 2599 937 2652 seusu
961 2588 1132 2669 torquebit
1164 2581 1282 2664 amaro,

228 2701 316 2778 risit,
339 2708 370 2761 et
390 2699 505 2764 Jovem
524 2701 674 2783 lapidem,
700 2703 828 2782 lnquit,
852 2701 934 2811 quod
957 2695 1192 2762 sanctissimum
1214 2699 1283 2759 ius-

226 2813 396 2876 iurandum
418 2823 466 2876 est
479 2813 634 2894 hobitum,
655 2823 783 2898 perudus
804 2833 873 2874 sum
892 2834 948 2894 ego
960 2814 1081 2892 iurare,
1101 2809 1283 2890 Virgilium

226 2926 466 3008 hocnunquam
489 2926 676 3012 scripsisse,
706 2924 761 2988 sed
782 2923 938 3006 lliginum
958 2946 1016 3048 ego
1040 2945 1154 2989 verum
1177 2923 1283 2985 dicere

226 3037 399 3162 arbitrere.
422 3048 481 3104 etc

659 3205 786 3288 Frgm.
815 3208 847 3272 2.

230 3387 235 3394 ·
309 3274 448 3422 Gellius,
470 3341 512 3407 N.
534 3343 604 3407 Αιι.
626 3344 670 3424 V,
682 3345 728 3410 -.8
758 3339 822 3421 n.(§
839 3339 872 3420 1)
902 3337 975 3420 Ipse
1009 3335 1174 3416 Quirinali
1191 3336 1283 3400 lituo

175 3484 186 3500 κ
225 3471 386 3533 porroque
404 3453 531 3516 redebet
544 3454 741 3516 Succinctus
752 3453 879 3528 trebes,
902 3449 1170 3530 laevoqueeucile
1192 3471 1282 3531 gere-

226 3570 455 3591 m*

262 3629 288 3700 ⁴)
306 3623 468 3700 Respicere
489 3627 622 3683 videnlur
642 3625 714 3680 huuc
734 3624 825 3679 Gellii
854 3625 945 3680 locum
964 3626 1084 3682 Servius
1109 3639 1137 3682 et
1157 3628 1283 3698 Pompo·

300 3725 365 3780 nius
384 3723 507 3781 Sabinus
526 3724 564 3782 ed
582 3723 668 3794 Virg.
683 3723 792 3790 Georg.
810 3723 849 3788 11,
861 3722 927 3780 elo.
967 3723 1135 3798 (Pomponii
1150 3723 1180 3778 in
1191 3721 1279 3790 Virg.

299 3822 528 3890 commentorium
547 3820 674 3878 nancisci
694 3837 749 3892 ιιοιι
770 3803 866 3891 potui3
889 3820 962 3888 loci,
982 3839 1054 3891 quos
1074 3841 1113 3876 ex
1131 3823 1186 3875 hcc
1203 3819 1280 3874 libro

300 3919 406 3988 cresso,
421 3919 609 3978 -iuveuiumur
619 3918 695 3992 opud
706 3917 905 3988 Suriugerium
917 3917 948 3975 in
961 3919 1038 3980 llist.
1051 3919 1118 3978 crit.
1129 3915 1278 3974 scholium.

249 4079 252 4084 g
299 4017 363 4080 Iret.
384 4017 421 4075 P.
441 4019 485 4084 11„
499 4035 529 4090 p.
545 4017 608 4088 ,175¹
624 4014 704 4088 sqq.)
