2786 4600
698 239 873 427 bg

254 477 365 544 fuisse.
407 477 492 542 Usus
513 475 599 540 enirn
613 484 689 538 erat
709 473 858 558 Hyginus
887 475 942 558 (ci.
965 474 1092 542 Gellius
1113 475 1147 556 l,
1161 476 1202 544 21
1225 474 1256 558 ἱ
1276 473 1316 557 2)

257 583 357 672 libro,
379 611 471 672 quem
493 595 584 669 poeta
604 579 731 650 mortuo
752 589 791 650 ab
815 590 882 660 eius
904 588 1027 652 familia
1041 599 1224 672 acceperat.

339 701 438 768 Nihil
457 721 539 762 vero
557 720 615 762 nos
637 699 789 780 impedit,
809 701 977 782 quominus
997 709 1191 781 statuamus,
1210 719 1317 782 gratu·

255 816 407 882 mutinum
429 813 583 894 quendam
601 817 665 876 non
687 811 734 874 ita
756 813 858 876 inulto
877 811 951 895 post
960 811 1141 894 Virgilium
1156 817 1318 876 mortuum

166 917 170 926 ’
255 927 499 992 commentarios
531 925 565 986 in
597 927 665 1001 eins
694 927 836 988 carmina
865 925 1038 988 confecisse
1052 925 1096 1005 l¹).
1141 926 1225 988 Nam
1253 925 1318 986 etsi

191 1015 193 1022 Ι
254 1039 424 1119 Virgilius
462 1060 527 1100 non
556 1047 624 1120 tam
657 1037 791 1102 obscure
820 1038 1012 1119 scripserat,
1041 1045 1078 1099 ut
1110 1039 1198 1100 inter
1234 1036 1318 1099 alios

255 1151 490 1228 Eratosthenes,
512 1151 547 1211 in
569 1152 659 1224 cnjus
681 1171 779 1212 unum
802 1149 922 1214 librum
944 1153 1074 1232 statim,
1095 1157 1260 1232 postquam
1280 1149 1320 1210 in

256 1261 360 1326 lucem
380 1263 555 1343 prodierat,
579 1261 1015 1341 commentarium'scriptum
1037 1284 1103 1324 esse
1125 1256 1257 1341 scimus,
1280 1253 1323 1323 ut

256 1375 349 1441 modo
371 1372 628 1452 intelligeretur,
656 1371 734 1453 quid
758 1372 824 1434 sibi
848 1371 993 1451 voluerit
1012 1374 1154 1453 scriptor
1173 1374 1321 1436 diutione

255 1483 312 1553 sua
333 1489 476 1550 docta-et
495 1485 641 1566 obscura,
662 1494 766 1548 tarnem
789 1485 848 1550 boc
867 1493 1004 1564 constet,
1023 1484 1163 1565 panacea
1174 1483 1320 1574 Virgilii

256 1613 351 1683 opera
368 1607 440 1680 post
458 1607 593 1662 mortem
613 1603 727 1683 potitae
740 1597 855 1660 eodeni-
869 1596 981 1660 favore
1001 1605 1127 1680 accepta
1150 1591 1231 1678 csse,
1253 1615 1321 1676 quo

257 1713 392 1790 Aeneis,
412 1723 509 1792 quum
529 1712 632 1774 scribi
655 1719 765 1792 coepta
786 1697 856 1789 est,
869 1710 1057 1790 ¹gaudebam
1087 1709 1124 1772 de
1151 1728 1212 1793 qua
1234 1705 1319 1775 Pro-

255 1825 381 1908 pertius
410 1821 464 1902 (cf.
486 1821 574 1904 Eleg.
598 1821 644 1901 ΙΙ,
668 1827 720 1903 25,
743 1821 798 1902 65)
827 1820 910 1885 haud
938 1822 1104 1920 dubitavit
1119 1822 1320 1886 exclamaret

385 1934 496 1998 Cedite
511 1933 651 2016 Romani
673 1939 873 2034 scriptores,
888 1935 989 1999 cedite
1010 1933 1113 2016 Graji,
1223 1985 1227 1994 .

280 2053 289 2117 ,’
381 2046 501 2110 Nescio
522 2047 600 2128 quid
622 2051 723 2122 majus
744 2050 890 2112 nascitur
910 2047 1022 2111 Iliade.

338 2157 430 2220 Unde
449 2178 512 2218 non
526 2157 630 2220 solum
647 2159 810 2237 probabile
825 2169 884 2239 est,
906 2159 962 2258 sed
977 2157 1089 2232 multis
1103 2155 1198 2218 etiam
1210 2173 1317 2215 exem-

255 2269 320 2360 plis
334 2269 464 2348 probari
476 2278 592 2350 potest,
621 2268 764 2352 Virgilii
781 2291 875 2352 opera
894 2249 957 2346 iam
969 2270 1039 2360 ipso
1054 2289 1133 2340 aevo
1150 2267 1318 2348 Augustas

255 2401 274 2443 a
296 2367 512 2464 grammaticis
535 2402 602 2446 esse
626 2365 775 2466 tractata,
795 2369 831 2446 in
853 2382 973 2446 scholis
994 2381 1317 2464 praelectaanncta-

255 2492 462 2574 tionibusque
483 2505 603 2560 ornata.
615 2494 665 2575 **)
1166 2485 1167 2492 ἵ

338 2585 417 2668 Alia
438 2614 601 2684 praeterea
621 2624 725 2684 causa,
747 2625 841 2686 quam
854 2597 974 2668 Badius
994 2600 1018 2667 l.
1032 2603 1055 2670 1.
1079 2604 1241 2682 afferunt
1260 2599 1316 2664 de-

256 2725 431 2794 monstret,
458 2724 625 2806 auctorem
649 2701 949 2780 commentariorum
980 2719 1015 2781 in
1042 2705 1222 2798 Virgilium
1250 2735 1318 2794 non

254 2807 355 2891 luisse
376 2826 552 2928 Hyginum,
574 2827 631 2895 lib.
654 2827 751 2910 Atag,
771 2828 849 2892 haec
869 2841 937 2894 est:
959 2853 1011 2894 res
1027 2831 1184 2914 mythicae
1206 2827 1315 2906 etiam,

256 2940 376 3024 inquit,
400 2959 478 3024 quas
499 2921 635 3020 Servius
657 2919 822 3041 Hyginum
843 2953 1010 3008 tractasse
1020 2945 1131 3024 refert,
1152 2963 1218 3004 non
1238 2959 1315 3000 con-

255 3060 375 3152 gruunt
388 3073 465 3113 cum
478 3052 602 3148 Hygini
621 3056 863 3119 narrationibus
873 3057 1064 3136 fabularum,
1082 3077 1115 3120 v.
1129 3075 1156 3115 c.
1181 3053 1220 3113 de
1234 3069 1316 3130 equo

186 3198 189 3205 ·
254 3145 399 3238 Trojano
424 3163 478 3244 (cl
509 3164 592 3248 Hyg.
621 3166 683 3232 lab.
720 3171 780 3244 108
808 3180 840 3231 et
871 3171 965 3233 Serv.
997 3167 1036 3228 ad
1056 3167 1138 3228 Aen
1167 3161 1313 3243 11,-.15)

199 3331 201 3340 a
255 3273 319 3336 Sed
341 3295 399 3336 uec
419 3275 494 3337 haec
505 3277 600 3339 Bodu
620 3297 713 3340 causa
734 3279 880 3342 sufficere
891 3279 1124 3342 mrhtvrdetur
1167 3275 1315 3370 Pgimum

260 3451 489 3472 ''R-’'⁸⁸¹‘'—

287 3571 317 3647 a)
343 3570 504 3644 Scripsisse
540 3570 657 3628 videtur
686 3572 823 3648 Hyginus
857 3579 1073 3650 commentarios
1096 3581 1127 3638 in
1151 3579 1316 3656 Virgilium

329 3671 414 3744 paulo
434 3679 498 3724 ante
516 3688 599 3738 quant
624 3672 659 3725 ab
680 3673 816 3728 Ovidio'
809 3691 839 3731 ιιι
857 3677 946 3732 Trist.
967 3679 1018 3734 lib
1040 3681 1077 3750 3,
1103 3681 1194 3750 eleg..
1208 3681 1244 3739 14
1263 3679 1317 3750 (de

283 3854 288 3862 a
329 3785 386 3836 quo
406 3766 529 3858 carmine
548 3777 629 3822 antea
649 3767 711 3840 egi)
731 3789 758 3826 v
778 3773 796 3829 7
814 3775 972 3855 appellatus
993 3788 1037 3832 est
1055 3789 1147 3835 vatum
1166 3778 1316 3836 studiosus

268 3869 273 3880 '
329 3879 476 3920 novorum.
498 3865 548 3936 (ci.
570 3865 693 3930 Merkel.
715 3867 749 3922 ad
770 3870 824 3924 Ov
845 3870 960 3945 Fastp.
983 3873 1045 3946 79)

290 3957 328 4031 sa)
348 3961 509 4031 Virgilium
529 3979 598 4016 aevo
619 3961 817 4032 Augusteum
837 3971 945 4026 scholis
963 3973 1133 4042 praelectum
1153 3959 1182 4024 et
1199 3985 1315 4042 enarra-

328 4066 386 4114 tum
406 4057 507 4128 luisse,
527 4075 544 4114 e
562 4057 704 4116 Suetonio
717 4063 829 4120 scimus
849 4065 885 4120 de
903 4067 948 4124 ill.
969 4083 1084 4136 graman
1101 4081 1151 4140 cp.
1176 4067 1222 4126 16
1286 4083 1290 4094 ’
