2786 4600
530 223 712 352 A.

90 462 248 546 potem)
283 461 451 528 Postremo
464 458 633 526 Charisius
642 459 822 526 Modestum
832 457 1005 545 respicito.
1017 467 1071 544 80,
1085 469 1147 534 132

89 575 216 656 unum,
236 577 356 658 inquit,-
377 583 414 638 ut
433 573 543 638 Julius
569 573 733 637 Modestus
757 575 823 654 ait,
849 595 907 656 per
926 595 947 638 ιι
968 577 1147 642 scribemus

88 708 154 750 non
174 707 233 769 per
263 705 305 769 y,
336 707 416 770 quae
444 669 576 750 Graecis
603 686 772 752 vocabulis
802 690 979 752 necessario
1008 697 1079 769 cst,
1111 697 1148 754 nt

72 797 244 882 ,Afranius
263 797 310 860 ait
330 800 363 862 in
389 797 617 877 brundusiuis,
640 798 814 878 Degulasse
835 801 1010 882 oportuitu.

171 908 256 972 llaec
276 921 351 976 sunt
371 909 559 992 fragmenta,
579 931 658 992 quaa
679 931 718 973 ex
736 911 772 976 C.
788 911 873 975 Julii
889 913 1028 976 Modesti
1048 911 1147 976 libris

85 1032 328 1092 commemorato
348 1022 473 1084 inveni.
516 1021 638 1102 Restat,
660 1032 697 1084 ut
718 1023 756 1086 de
779 1024 835 1102 iis,
856 1043 933 1104 quoe
953 1045 991 1086 ex
1012 1024 1145 1103 Quinti-

86 1133 187 1214 lieuo,
208 1134 365 1198 Diomede
383 1144 418 1198 et
438 1134 588 1199 Cbarisio
604 1133 700 1196 attuli
711 1180 721 1214 ,
744 1152 841 1215 pauca
856 1135 1020 1198 disseram.
1056 1136 1143 1216 -Spe-
1236 1190 1241 1198 .

85 1253 187 1325 mant,
206 1247 358 1327 uirides,
376 1247 452 1310 boec
468 1248 641 1328 fragmenta
654 1248 771 1328 partim
789 1248 827 1309 ad
846 1257 1022 1329 etymorum
1042 1244 1145 1326 eupli-

83 1357 266 1438 cationem,
288 1359 407 1439 purtim
428 1359 467 1422 od
489 1359 735 1422 declinationem
755 1361 939 1439 nominum,
970 1357 1089 1440 partim
1107 1356 1147 1422 cd

84 1469 280 1552 scripturam
311 1477 343 1532 et
384 1469 597 1534 differentiam
626 1469 866 1538 uocabulorum.
916 1471 1029 1537 Potuit
1064 1489 1146 1534 vero
1221 1507 1227 1512 -

84 1581 250 1648 Modestus
271 1567 325 1646 ros
343 1581 418 1646 illos
438 1603 456 1646 a
476 1603 526 1646 me
547 1583 662 1646 allatos
678 1593 733 1650 aut
753 1583 788 1648 in
810 1580 1026 1664 singularibus
1047 1581 1146 1649 libris

83 1691 231 1775 prolerre
249 1690 524 1776 (quemadmodum
545 1694 666 1758 Gabius
678 1694 813 1774 bassus}
835 1704 916 1758 teste
932 1693 1041 1758 Gellio
1060 1694 1105 1772 V,
1124 1695 1146 1764 Ἰ

83 1801 117 1884 §-
141 1807 172 1882 1,
195 1803 245 1869 De
268 1805 395 1886 origiue
415 1787 645 1870 vocabulorum
668 1805 842 1885 disseruit,
866 1805 922 1868 uel
942 1813 978 1866 ot
1004 1805 1146 1885 Verrius

82 1914 219 1978 Flaccus
236 1913 357 1980 librum
378 1914 472 1983 illum
489 1915 687 2000 praeclarum
700 1916 751 1985 ,da
769 1915 1005 1998 significatione
1025 1916 1144 1984 verbo.-

83 2047 156 2090 rum
177 2027 383 2110 composuit),
405 2038 460 2092 aut
482 2031 590 2109 etiam,
609 2027 692 2112 quod
710 2027 914 2112 probobilius,
929 2037 988 2106 est,
1012 2028 1047 2088 in
1058 2047 1144 2090 oom-

82 2139 251 2202 menteriis
273 2139 311 2202 sd
331 2151 454 2222 poetas,
475 2141 586 2226 quales
602 2141 662 2206 illo
682 2153 823 2224 tempore
838 2137 1021 2222 permultis
1037 2154 1144 2220 gram*

82 2250 211 2314 rusticis
232 2251 335 2314 scribi
356 2252 510 2328 solebant.

169 2361 310 2424 Omnino
334 2362 469 2444 denique
492 2385 531 2426 er
550 2363 711 2441 omnibus,
730 2381 810 2444 quac
825 2360 936 2448 Asculi,
956 2359 1145 2442 fragmentis

81 2470 264 2537 similitudo
282 2474 432 2556 quaedam
445 2475 585 2539 Modesti
603 2494 673 2538 cum
685 2472 829 2558 Hygino,
851 2482 985 2554 patrono
1003 2493 1039 2534 ao
1052 2491 1145 2554 prae·

81 2594 210 2666 ceptore
228 2587 309 2666 ejus,
332 2607 481 2669 apparere
502 2588 583 2650 mibi
603 2586 748 2650 videtur.
791 2585 937 2649 Primum
950 2565 1035 2647 enim
1049 2583 1144 2649 vites

84 2715 125 2760 ex
146 2695 227 2775 illis,
249 2699 429 2762 Modestum
449 2699 663 2780 grammaticis
685 2699 780 2761 rebus
792 2697 1004 2780 inquirendis
1023 2706 1055 2760 at
1073 2706 1143 2780 ety-

82 2806 235 2887 mologiis
265 2811 441 2872 statuendis
469 2809 603 2872 multum
630 2809 890 2890 incubuisse,**)
918 2809 1077 2890 simulque
1107 2809 1144 2872 iu

80 2917 232 2982 rebusad
249 2938 337 2982 sacra
349 2922 563 3000 spectantibus
573 2922 652 2984 satis
668 2941 810 3002 magnam
821 2920 1141 3002 peritiambabuissc.
1225 2933 1229 2938 “

81 3029 253 3094 Praeterea
287 3031 382 3093 etiam
410 3031 447 3093 in
475 3031 608 3112 scriptis
637 3032 707 3093 suis
735 3031 868 3094 labellos
898 3031 987 3094 varii
1015 3032 1143 3113 generis

80 3143 277 3224 constipasse
287 3143 428 3208 uidetur.
471 3141 610 3206 Prorsus
622 3143 724 3209 simili
735 3163 816 3208 uero
830 3143 1010 3208 studiorum
1023 3143 1142 3210 reticui

82 3253 248 3336 Hyginum
267 3254 409 3320 deditum
428 3255 549 3340 luisse,
569 3256 673 3321 fusius
695 3256 780 3318 inira
801 3255 1032 3320 demonstrabo.

168 3364 219 3427 De
236 3366 307 3431 viu
330 3370 486 3452 rebusque
510 3379 615 3433 tamen
640 3367 725 3432 Julii
748 3367 887 3432 Modesti
907 3369 1065 3432 neminem
1084 3384 1143 3432 ve·

87 3545 316 3558 m*

120 3650 147 3723 ')
166 3655 292 3710 Eandem
310 3656 381 3711 bunc
400 3655 590 3714 differentiam
610 3659 709 3730 attigit
729 3658 880 3716 Charisius
896 3677 925 3732 p.
939 3657 1004 3726 iss,
1021 3657 1061 3716 tu
1072 3672 1096 3713 s.
1112 3675 1141 3720 v·

159 3753 264 3823 Large.

119 3846 157 3921 ”)
176 3851 209 3904 In
230 3848 418 3922 etymologiis
437 3852 595 3908 statuendis
611 3852 708 3910 Julius
726 3853 876 3912 Modestus
897 3852 1011 3926 saepius
1025 3867 1142 3926 perver-

158 3946 202 4004 sis
229 3945 391 4002 rstionibus
414 3947 515 4006 doctus
542 3967 605 4006 esse
632 3945 748 4008 ridetur
774 3951 825 4023 (el.
845 3971 872 4008 v.
894 3967 920 4009 c.
942 3952 1036 4022 ogm,
1064 3948 1142 4020 qood

158 4063 198 4103 ex
217 4045 343 4106 Quintil.
363 4046 435 4104 lost.
455 4057 527 4106 arnt.
547 4048 572 4116 1,
591 4047 612 4110 ὃ
630 4063 718 4122 supro
734 4046 904 4124 adscripsi).
