2786 4600
757 233 806 318 li

249 497 321 542 cum
351 475 390 538 aie
421 473 603 540 confectura
632 470 740 535 mellis
774 469 1014 553 praecipiemus.
1069 471 1218 538 Ceterum
1244 473 1305 538 hoc
1380 495 1381 504 ¹

249 591 357 654 codem
379 596 519 665 tempore
543 585 750 666 progenerari
770 604 861 667 posse
886 605 960 665 apes
991 587 1129 660 iuvenco
1149 595 1303 666 peremto,
1380 593 1381 596 ’

247 699 453 768 Democritus
474 706 506 758 et
521 697 628 777 Mago,
661 715 720 758 nec
741 699 848 758 inicus
866 695 1053 778 Virgilius,
1083 697 1303 779 prodiderunt.

248 813 343 892 Mago
364 808 493 890 quidem
511 809 681 870 ventribus
702 808 797 878 etiam
815 807 945 873 bubulis
969 808 1052 873 idem
1065 809 1138 873 fieri
1158 809 1303 876 affirmat.

248 925 358 1004 Quam
379 921 537 982 rationem
565 920 755 1002 diligentius
781 922 929 1002 persequi
957 939 1189 1003 supervacuum
1215 930 1304 1002 puto,

247 1033 449 1100 consentiens
472 1031 586 1113 Celso,
607 1033 928 1115 qui-prudentissime
947 1034 1013 1112 ait,
1042 1053 1106 1096 noa
1133 1042 1222 1096 tanto
1253 1033 1305 1096 in·-
1380 1009 1381 1014 ἵ

247 1149 348 1212 teritu
368 1165 463 1227 pecus
480 1144 572 1206 'istud
593 1145 712 1222 amitti,
739 1153 775 1205 ut
794 1145 843 1206 sic
859 1145 1083 1226 requirendum
1104 1147 1158 1211 sit.
1181 1145 1305 1212 Varum

247 1261 308 1324 bno
323 1269 483 1338 tempore,
516 1264 548 1316 et
568 1275 666 1335 usqne
686 1255 721 1314 in
742 1257 905 1319 auctumni
927 1258 1162 1338 aequinoctium
1181 1258 1305 1326 decimu

248 1369 446 1454 quoqnedie
471 1364 543 1428 alvi
564 1365 751 1446 aperiendae
778 1375 873 1445 sunt,
903 1375 934 1428 et
955 1367 1165 1448 fumigandae.
1211 1369 1304 1448 Qrptl

247 1499 318 1556 eum
339 1483 384 1544 sit
404 1476 570 1540 molestum
595 1477 811 1557 examinibus,
841 1477 1086 1545 saluberrimum
1108 1491 1220 1552 tamen¹
1235 1501 1305 1548 osse

247 1593 410 1664 convenit.
453 1589 584 1654 Suffitas
611 1589 723 1652 deinde
744 1599 776 1652 et
804 1600 982 1660 aestuantes
1011 1614 1084 1676 apes
1110 1593 1305 1674 refrigerare

246 1715 391 1788 oportet,
405 1701 585 1782 conspersis
606 1703 720 1764 vacuis
740 1703 885 1788 partibus
906 1702 1066 1787 alvorum,
1088 1715 1121 1769 et
1137 1726 1231 1788 quarn
1246 1725 1304 1778 re-

247 1815 426 1886 certissimi.
447 1815 578 1895 rigoris·
590 1835 668 1896 aqua
688 1813 811 1878 inlusae
832 1817 958 1897 deinde,
979 1819 1009 1882 si
1032 1819 1110 1900 quid
1129 1818 1220 1882 ablui
1238 1837 1304 1890 nom

245 1931 377 2016 poterit,
399 1928 519 2009 pinnis»
532 1926 669 2009 aquilae,
691 1925 748 1991 vel
768 1929 864 1990 etiarn
885 1929 1060 1994 cuiuslibet
1072 1941 1180 1997 vastae
1199 1929 1303 2010 alitis,

246 2065 324 2128 qaae
358 2042 498 2120 rigorem
528 2038 664 2117 habant,
696 2039 871 2112 emundari.
921 2039 1089 2125 Rraaterea
1122 2051 1160 2103 ut
1184 2042 1304 2120 tineae,

246 2160 277 2220 si
297 2152 530 2235 supparatura,
569 2159 794 2228 evertantur,¹
819 2149 997 2230 papiliones
1026 2161 1215 2230 enecentur,
1245 2153 1305 2232 qui

244 2267 430 2348 pleramque
451 2261 538 2327 inter
561 2258 654 2322 alvos
669 2271 827 2326 morantes
848 2262 960 2344 apibus
974 2265 1075 2328 exitio
1090 2271 1174 2332 cunt,
1217 2262 1304 2330 Nam

245 2388 394 2442 eremas
421 2374 571 2453 crodunt,
601 2381 633 2438 et
663 2381 805 2436 stercore
831 2394 889 2438 suo
920 2395 1046 2440 vermes
1078 2383 1302 2457 progenerant,

245 2509 324 2574 qnos
341 2487 500 2560 alvorum
529 2487 634 2548 tineas
662 2484 864 2566 appellamus.
915 2486 1027 2568 ltaque
1063 2509 1126 2568 quo
1161 2497 1305 2568 tempore

243 2602 369 2666 malvae
390 2600 519 2675 florent,
540 2617 610 2658 cum
634 2605 682 2658 est
705 2597 812 2661 eadem
831 2597 967 2660 maxima
982 2598 1167 2681 multitudo,
1188 2603 1220 2667 sl
1241 2621 1303 2670 vas

244 2706 503 2784 aanonmsirnile
529 2705 674 2770 miliario
701 2727 835 2790 vespere
855 2719 991 2792 ponatur
1010 2711 1099 2786 inter
1130 2715 1243 2795 alvos,
1268 2723 1304 2780 ct

244 2827 281 2890 in
299 2823 433 2900 fundum
451 2821 520 2882 eius
541 2818 648 2882 lumen
662 2819 800 2902 aliquod
816 2823 1023 2908 demittatur,
1051 2827 1191 2910 undique
1208 2827 1302 2910 pnpi-

244 2939 351 3002 licaes
382 2940 600 2998 concurrunt:
637 2932 773 3014 dumque
806 2936 892 3004 circa
921 2938 1111 3005 flammulam
1144 2939 1302 3018 uolitant,

245 3050 441 3124 aduruntur,
471 3045 553 3126 quod
576 3065 635 3106 nec
661 3044 757 3108 facile
782 3067 820 3110 ex
848 3061 981 3132 angusto
1010 3072 1135 3116 sursum
1157 3049 1307 3128 evolare,

242 3182 301 3240 nec
321 3179 433 3226 rursus
454 3156 582 3237 longius
601 3155 641 3218 ab
664 3157 736 3237 igne
756 3171 888 3238 possunt
908 3163 1073 3240 recedere,
1095 3181 1165 3224 oum
1179 3160 1307 3235 ,lateri-2

242 3274 301 3336 bus
330 3271 437 3332 aeneis
465 3269 761 3332 circumveniantur
774 3291 786 3328 ε·
819 3271 951 3351 ideoque
981 3273 1160 3354 propinquo
1183 3274 1301 3344 ardore

242 3389 479 3449 consumuntur.
525 3381 554 3442 Α
572 3378 725 3442 Canicula
741 3379 807 3440 lere
821 3392 894 3460 post
907 3383 990 3449 diem
1002 3385 1301 3468 quinquagesimum

240 3497 403 3562 Arcturus
425 3491 543 3569 oritur,
565 3511 636 3552 cum
657 3490 807 3554 irroratis
820 3493 1081 3584 floribustbymi,
1105 3509 1138 3562 et
1151 3499 1298 3580 ,cunilam

241 3607 478 3690 thymbraeque,
503 3621 576 3683 apes
597 3601 692 3663 mella
716 3605 907 3678 conficiunt:
933 3609 1027 3690 idque
1047 3611 1185 3692 optimae
1202 3621 1302 3677 nome

241 3717 392 3784 enitescit
414 3716 577 3778 auctumni
611 3717 832 3796 aequinoctia,
869 3721 951 3800 quod
980 3733 1028 3786 est
1058 3733 1131 3791 ante
1160 3696 1297 3791 Kalend.

241 3829 412 3912 Octobris,
437 3849 508 3890 curn
529 3837 674 3890 octavam
696 3838 817 3908 partem
845 3829 962 3896 Librae
991 3834 1040 3899 sol
1069 3837 1186 3916 attigit.
1230 3838 1297 3904 seu

239 3912 327 4017 inter
341 3939 512 4002 Caniculae
526 3949 558 4001 et
567 3940 704 4004 Arcturi
720 3951 863 4002 exortum
879 3948 1053 4012 cavendum
1070 3953 1145 4030 erit,
1169 3971 1207 4012 ne
1220 3973 1298 4033 apes

239 4050 488 4130 intercipiantur
522 4051 682 4118 violentia
717 4053 926 4137 crabronum,
956 4061 1014 4141 qui
1045 4070 1117 4124 ante
1153 4062 1297 4130 alvearia
