2786 4600
159 4089 167 4129 l

227 441 308 512 tinet
327 440 510 524 Hyginus
501 459 537 502 m
555 438 683 502 Italicis
703 437 839 502 urbibus
861 439 906 502 ab
923 437 1059 520 augurio
1072 441 1154 504 avis
1175 441 1291 504 ardeae

228 553 393 634 [Arduum]
410 553 527 618 dictam
540 551 634 615 velit.
677 550 764 614 Illud
782 559 916 632 namque
932 553 971 614 in
985 551 1103 616 Ovidii
1115 553 1290 616 Matium·

226 667 319 748 pinosi
338 665 517 728 fabulosum
539 671 604 736 eat,
632 663 794 726 incensam
815 663 854 726 ab
872 662 983 726 Aonas
1005 663 1164 744 Ardeam,
1191 675 1223 727 et
1240 667 1290 730 ιι

227 779 308 845 hono
330 795 429 840 avam
460 787 656 840 conversam.
701 775 873 840 Sciendum
901 783 1028 850 umen,
1052 775 1193 842 Ardeam
1210 778 1288 840 κατ’

227 889 427 977 &octonorio
448 889 585 967 dioran,
618 889 702 971 quod
724 887 887 954 brevitate
908 907 1082 969 pennarum
1102 889 1202 954 altius
1221 911 1289 954 uon

225 1001 348 1069 volatu.
424 1058 427 1064 .

662 1119 790 1218 Frgm.
820 1139 851 1204 5.
957 1141 958 1148 '

261 1277 449 1344 Servius
470 1278 507 1340 ad
529 1271 610 1338 Aen.
629 1275 728 1355 VIII,
750 1272 821 1341 597
843 1275 983 1358 nllgylla
1005 1235 1125 1342 civitas
1148 1287 1195 1340 est
1217 1270 1287 1362 Τιι-

225 1395 309 1456 sciae
331 1413 348 1455 a
366 1391 475 1454 condi
476 1409 531 1450 ore
555 1371 693 1468 [nigella]
716 1387 894 1468 appellata,
929 1390 983 1459 cui
1004 1411 1041 1452 ex
1063 1391 1193 1458 inscitia
1219 1389 1287 1454 Ro-

227 1525 317 1567 mana
340 1499 428 1565 aliud
453 1510 500 1562 est
506 1499 659 1562 inditum
682 1520 803 1561 nomen.
849 1473 932 1562 Nam
956 1521 1027 1562 cum
1048 1477 1183 1565 Romani
1205 1525 1286 1565 eun-

223 1629 272 1681 tes
292 1637 350 1700 per
371 1615 521 1677 Tusciam
540 1613 778 1692 interrogarent
796 1611 989 1694 Agyllinos,
1020 1636 1099 1696 quae
1103 1608 1286 1679 diceretur

224 1731 360 1807 civitas,
392 1726 447 1789 illi
473 1723 717 1812 utpoteMGraeci
739 1725 817 1806 quid
845 1725 992 1800 audirent
1014 1727 1217 1807 ignorantes,
1250 1739 1284 1791 et

222 1843 378 1924 optimum
393 1820 559 1918 ducentem*
577 1817 606 1898 sl
620 1838 711 1919 prius
727 1859 780 1900 eos
799 1838 988 1921 salutarent,
1011 1842 1163 1904 dixerunt
1177 1851 1282 1928 χαῖρε,

222 1977 315 2039 quam
337 1952 559 2016 salutationem
579 1949 716 2014 Romani
730 1970 851 2016 nomen
881 1953 1029 2015 civitatis
1060 1974 1126 2016 esse
1147 1962 1281 2034 putave-

222 2077 318 2145 runt,
355 2074 387 2128 et
417 2062 557 2126 detracta
583 2061 776 2156 aspiratione
809 2083 875 2124 eam
898 2064 1000 2128 Caere
1017 2066 1281 2166 nominaverunt,
1377 2061 1378 2100 ²

221 2187 258 2242 ut
279 2179 363 2242 dixit
384 2173 565 2255 Hyginus
555 2191 590 2232 ιιι
611 2172 745 2233 urbibus
760 2165 916 2239 Italicisu.
1007 2245 1010 2252 ¹
1052 2167 1055 2172 ’

657 2339 786 2422 Frgm.
818 2347 847 2408 6.

306 2483 443 2548 Servius
461 2482 499 2544 ad
524 2480 606 2545 Aen.
630 2479 730 2562 VIII,
750 2486 812 2551 666
842 2481 912 2544 nDe
938 2481 989 2542 his
1011 2480 1098 2561 (soil.
1119 2481 1280 2565 Pelasgis)

221 2597 315 2686 uaria
347 2595 533 2697 est,opinio
548 2630 698 2660 -÷-
730 2593 879 2676 Hyginus
907 2592 988 2654 dicit
1020 2591 1171 2674 Pelasgos
1199 2615 1279 2675 esse,

220 2697 277 2788 qui
299 2706 463 2790 Tyrrheni
481 2715 568 2785 sunt,
592 2705 653 2768 hoo
667 2704 761 2766 etiam
783 2704 889 2768 Varro
910 2713 1164 2770 commemoratu.
1199 2795 1202 2806 Ι
1238 2779 1241 2784 ¹

592 2866 595 2872 ¹
653 2863 846 2954 Frg‘m'I.¹
883 2887 885 2894 ’
924 2915 926 2920 ,
1009 2903 1011 2911 ι
1114 2869 1117 2876 ’

306 3012 443 3076 Servius
461 3011 500 3074 ad
520 3010 602 3073 Aen.
624 3010 722 3089 VIII,
744 3014 806 3078 638
829 3012 962 3074 isabini
984 3033 1001 3074 a
1022 2997 1278 3075 Lacedaemo'nIis

223 3125 382 3204 originem
403 3124 539 3203 ducunt,
564 3132 601 3184 ut
622 3123 769 3205 Hyginus
790 3123 836 3183 ait
857 3123 894 3184 de
918 3124 1044 3203 origine
1062 3125 1190 3186 urbium
1211 3123 1276 3185 Ita-

221 3237 369 3314 licarum,
393 3255 410 3299 a
433 3235 528 3314 Sabo,
553 3236 608 3316 qui
630 3235 667 3298 de
691 3235 821 3299 Perside
839 3233 1105 3298 Laeeomnomos
1117 3237 1277 3302 transiens

220 3347 258 3410 ad
280 3331 409 3410 Italiam
430 3329 543 3432 venit,
573 3355 605 3408 et
621 3344 773 3426 expulsis
796 3343 917 3444 Siculis
946 3323 1051 3410 tenuit
1069 3348 1167 3436 looa,
1184 3369 1275 3435 quae

94 3509 97 3514 -
220 3454 334 3528 Sabini
355 3457 501 3552 habenta.

656 3617 848 3706 regnab-
948 3643 957 3661 ·’

301 3791 506 3872 Macrobius,
539 3793 603 3854 Sat.
625 3792 653 3871 I,
677 3795 697 3857 7
727 3788 918 3871 uliegionem
948 3792 1061 3870 istam,
1090 3813 1168 3874 quoe
1192 3809 1274 3853 nunc

218 3917 354 3970 vocatur
376 3905 494 3984 Italia,
523 3923 621 3984 ragno
652 3905 752 3966 Janus
781 3903 931 3980 obtinuit.
976 3903 1040 3982 Qui
1068 3913 1104 3966 ut
1125 3903 1271 3984 Hyginus
1369 3899 1370 3912 ³

220 4017 427 4100 Protarchum
458 4017 658 4094 Trallianum
689 4025 816 4084 occutus¹
848 4016 966 4093 tradit,
1003 4036 1073 4078 cum
1104 4016 1270 4090 Camasoua
