2786 4600
124 447 292 530 Hyginum
302 447 399 512 etiam
415 456 564 514 vocatum
578 469 646 512 esse
660 448 920 531 Polyhistorem3
943 471 1002 514 nec
1017 449 1183 532 indignum

124 560 269 643 profecto
291 560 350 622 hoo
370 563 498 645 nomine
523 561 712 623 censendum
728 571 818 642 =puto
844 562 985 644 Augusti
1017 563 1181 646 libertum,

123 674 276 763 quoniam
305 673 516 734 demonstrari
547 682 670 754 potest,
704 694 776 736 eum
804 695 899 756 aeque
913 747 916 752 Ι
929 685 966 736 ut
996 674 1182 738 Cornelium

121 785 340 850 Alexandrum
363 794 395 846 et
415 785 461 849 M.
479 785 667 847 Terentium
687 786 877 865 Varronem,
897 787 953 866 qui
974 787 1034 848 hoo
1054 787 1181 848 nomine

122 899 159 960 in
178 897 368 978 antiquitate
388 898 540 960 celebrati
562 907 648 974 sunt,
666 897 817 976 plurimis
840 907 932 978 atque
951 899 1082 979 optimis
1100 898 1180 959 arti-

120 1011 181 1072 bus
202 1017 347 1074 ornatum
370 1008 481 1074 luisse.
523 1007 673 1072 Attamen
692 1029 843 1088 pruvera
863 1009 940 1069 haeo
958 1011 1100 1071 narratio
1115 1029 1180 1070 non

119 1119 306 1201 accipienda
332 1119 466 1182 videtur
473 1165 484 1198 ,
523 1121 673 1202 quoniam
708 1119 926 1202 Hieronymus
961 1122 1075 1182 unicus
1111 1123 1179 1196 eius

118 1243 232 1298 aumor
253 1241 310 1297 est.
352 1231 569 1313 Hieronymus
587 1240 703 1310 autem,
725 1217 814 1306 eujus
829 1233 1017 1312 praecipuus
1038 1233 1109 1294 fons
1131 1242 1178 1296 est

119 1345 304 1424 SuetoniuS,
327 1363 448 1424 eorum,
472 1365 551 1424 quae
573 1344 747 1406 Suetonius
768 1344 806 1406 de
827 1344 958 1426 Hygino
977 1345 1089 1423 tradit,
1113 1364 1177 1406 non

119 1467 207 1522 recte
228 1457 411 1520 meminisse
430 1456 575 1535 videtur,
597 1463 628 1517 et
646 1455 1007 1536 existimavitlortasse,
1029 1455 1177 1518 Suetonii

116 1570 218 1636 verba
240 1569 279 1632 ad
297 1568 517 1633 Alexandrum
537 1569 730 1650 spectantia:
762 1589 854 1650 quem
881 1577 1013 1650 propter
1033 1569 1176 1649 antiqui.-

114 1684 193 1746 tatis
217 1683 367 1746 notitiam
385 1681 624 1765 Polylristorem
650 1678 746 1744 multi
772 1679 949 1744 vocabant'u
976 1680 1014 1744 de
1044 1680 1176 1763 Hygino

115 1795 202 1858 diota
224 1813 300 1858 esse.

594 1957 626 2041 §-
656 1963 695 2024 ε..

194 2125 245 2188 De
262 2125 365 2206 patria
387 2124 510 2207 Hygini
541 2127 623 2212 apud
651 2126 782 2190 nullum·
795 2123 893 2186 aliam
917 2132 1065 2188 ueterum
1088 2121 1171 2210 sori-

111 2246 238 2318 prorum
250 2237 373 2318 aliquid
387 2239 548 2320 invenies,
568 2261 630 2322 quo
647 2237 796 2304 Suetonii
809 2237 951 2298 narratio
974 2244 1028 2298 aut
1052 2235 1170 2318 refute-

111 2358 167 2411 tur
186 2358 240 2410 ant
262 2348 504 2430 comprobatum
530 2353 684 2412 ettamen
708 2350 747 2412 de
774 2350 832 2411 hac
862 2370 896 2410 re
926 2369 1048 2410 omnem
1076 2347 1170 2408 fidem

109 2461 313 2524 tribuendam
334 2481 404 2526 esse
427 2459 537 2525 nullus
564 2462 685 2526 dubito.
729 2462 842 2528 Potuit
869 2462 953 2522 enim
983 2459 1168 2538 Suetonius,

109 2575 251 2653 quinon
274 2574 319 2636 ita
338 2572 439 2636 multo
459 2582 531 2654 post
553 2573 715 2655 Hyginum
739 2574 846 2651 vixit,
876 2574 914 2634 de
944 2573 1072 2658 origine
1100 2571 1168 2645 ejus

109 2692 196 2746 certa
217 2685 332 2746 habere
352 2685 556 2760 testimonia3
578 2693 671 2765 atque
689 2685 822 2747 videtur
842 2685 984 2764 profecto
1003 2684 1070 2754 ejus
1091 2699 1166 2740 nar·

109 2794 213 2871 ratio,
252 2795 417 2876 Hyginum
445 2797 623 2878 Hispanum
651 2797 761 2876 potius
784 2797 913 2860 natione
945 2796 1045 2856 luisse
1074 2811 1167 2873 quam

107 2904 373 2984 Alexandrinum,
396 2929 434 2970 eo
453 2909 596 2992 probari,
616 2909 699 2988 quod
720 2908 868 2988 Hyginus
887 2908 1003 2968 Latino
1021 2922 1166 2966 sermone

107 3017 245 3098 plurima
275 3018 440 3080 doctrinae
470 3027 670 3080 monumenta
700 3018 862 3096 condidit,
902 3019 1022 3080 Graeco
1049 3023 1164 3092 eutem,

106 3129 207 3210 quoad
240 3147 279 3191 ex
299 3129 489 3209 fragmentis
510 3131 691 3204 conjectura
712 3129 782 3208 capi
805 3138 926 3210 potest,
956 3127 1053 3190 nulla.
1096 3125 1164 3188 vix

108 3250 211 3302 autem
238 3240 404 3322 probabile
431 3249 500 3320 est,
530 3241 713 3322 Hyginum,
740 3243 769 3303 si
796 3242 882 3303 inter
909 3242 1046 3303 Graecos
1071 3248 1163 3300 natus

106 3352 238 3432 luisset,
269 3356 345 3416 adeo
368 3352 504 3416 oblitum
527 3373 595 3416 esse
623 3354 763 3434 patriae,
792 3362 829 3415 ut
856 3373 919 3416 non
945 3353 1051 3434 aliqua
1072 3373 1088 3413 ε
1113 3359 1163 3412 tot

105 3464 267 3544 oporibus
289 3485 423 3546 quorum
444 3465 562 3528 notitia
583 3465 620 3526 ad
642 3486 699 3526 nos
722 3466 891 3546 pervenit,
918 3467 1020 3547 patria
1051 3463 1162 3542 lingua

105 3573 289 3637 coniecerit.

186 3683 340 3743 Narratio
362 3693 464 3746 autem
486 3685 543 3746 illa
570 3707 587 3746 a
610 3687 762 3748 Suetonio
787 3688 973 3768 repudiata,
999 3686 1160 3767 Hyginum

101 3793 314 3856 Alexandriae
341 3805 447 3856 natum
471 3797 591 3876 fuisse,
626 3799 757 3859 nonnisi
786 3820 824 3859 en
859 3817 967 3860 errore
993 3806 1062 3859 orta
1092 3815 1158 3857 esse

101 3906 241 3968 videtur.
287 3901 477 3969 Verisimile
493 3909 577 3970 enim
592 3917 652 3987 est,
676 3907 840 3990 Hyginum
855 3921 985 3992 propter
1000 3909 1157 3972 industri-

101 4038 160 4098 am,
180 4039 240 4101 qua
261 4018 482 4082 Alexandrum
502 4019 739 4104 Polyhistorem
766 4022 909 4086 imitatus
936 4043 1003 4084 esse
1024 4022 1156 4100 dieitur,
