2786 4600
541 228 716 358 A

98 467 284 550 pierumque
303 466 503 530 obsidiantur
523 467 764 549 prodeuntibus.
808 467 888 532 Post
908 466 1043 536 Arcturi
1062 489 1156 538 eaor.

98 589 168 646 tuat
193 581 279 644 circa
303 580 537 660 aequinoctium
558 579 675 642 Librae
696 579 796 660 (sicat
817 579 902 660 dixi)
925 579 1083 642 favorum
1105 601 1155 645 sc·

98 693 200 756 canda
221 700 269 754 est
288 693 434 764 ,ax'emtio
477 692 530 754 Ab
549 692 752 772 aequinoctio
771 693 897 772 deinde,
919 691 1003 774 quod
1024 691 1155 762 confide

97 815 153 868 thr
176 805 260 866 eirca
282 803 369 866 VIII
390 802 519 868 Caleud.
543 803 706 882 Octobris,
728 805 767 866 ad
777 803 999 884 Vergiliarum
1011 825 1155 868 occasum

95 917 210 980 diebus
222 915 300 995 XL,
321 936 360 978 ex
381 915 517 978 floribus
536 915 717 999 tamaricis,
741 924 773 977 et
794 915 1003 978 silvestribus
1024 916 1155 980 frutetis

95 1047 169 1110 apes
191 1026 323 1094 collecta
344 1025 439 1090 mella
458 1026 591 1090 cibariis
607 1025 721 1089 hiemis
741 1036 909 1106 reponunt.
955 1027 1080 1106 Quibus
1102 1031 1154 1092 ui-

94 1140 144 1204 hil
167 1138 356 1204 estomoinc
378 1137 616 1217 detrahendum,
637 1158 676 1200 ne
694 1137 820 1218 saepius
840 1138 961 1203 iniuria
983 1140 1154 1204 contrista-

93 1263 166 1332 tae,
196 1251 290 1314 velat
316 1250 534 1330 desperatione
565 1270 675 1313 rerum
705 1249 899 1330 profugiant.
954 1249 1006 1314 Ah
1040 1269 1155 1315 cccasn

95 1364 317 1446 Vergiliarum
334 1363 373 1426 ad
393 1362 552 1441 brumam,
581 1383 660 1442 quae
680 1360 748 1424 fere
769 1363 939 1427 conficitur
961 1363 1047 1424 circa
1066 1362 1154 1452 ulli

93 1475 400 1555 Italead.Januarii‚
417 1475 454 1538 in
471 1483 584 1542 oetam
605 1473 925 1554 parteCapricorni,
957 1475 1020 1536 iarn
1039 1495 1152 1538 rocon.

93 1588 276 1654 ditomelie
296 1595 437 1672 utuntur¹
451 1585 606 1664 examina,
628 1605 726 1667 eoque
739 1604 838 1668 usque
857 1587 897 1648 ad
908 1587 1047 1653 Arcturi
1058 1607 1152 1656 eror-

93 1713 163 1766 tnm
188 1700 396 1764 sustinentur.
439 1695 510 1762 Nec
536 1717 586 1758 mc
613 1695 702 1760 fallit
732 1696 910 1779 Hipparchi
936 1700 1039 1780 ratic,
1073 1719 1153 1782 quae

93 1815 205 1889 docet','
235 1808 376 1873 solstitia
405 1816 436 1870 et
455 1807 660 1888 aequinoctia
688 1829 753 1873 non
779 1810 924 1888 octaris,
953 1811 1008 1875 sed
1036 1812 1152 1902 primis

92 1923 239 2006 partibus
258 1921 425 2001 signorum
447 1919 572 1988 confici.
615 1917 737 1982 Verum
749 1921 787 1987 in
802 1921 860 1985 hac
880 1922 970 1985 ruris
980 1920 1152 2002 disciplina

93 2043 211 2118 s‘eqaor
231 2053 328 2098 nunc·
343 2031 469 2096 Eudoxi
501 2041 533 2097 et
561 2031 726 2112 Metonis,
761 2033 1025 2115 antiquorumque
1050 2033 1153 2098 fastus

91 2146 340 2228 astrologorum,
360 2146 417 2227 qui
433 2153 517 2210 sunt
539 2145 638 2226 aptati
662 2143 802 2225 publicis
818 2146 1005 2214 sacrificiis:
1027 2147 1102 2228 quia
1119 2157 1152 2218 et

91 2258 205 2326 notor
224 2267 273 2322 est
291 2259 458 2322 istavetus
480 2257 633 2337 agricolis
647 2259 952 2337 concepta'cpini'03
974 2268 1152 2326 uectamen

92 2369 271 2454 Hipparchi
296 2367 462 2430 subtilitas
490 2366 733 2448 pinguioribus,
759 2377 796 2432 ut
815 2369 925 2449 aiunt,
956 2371 1151 2437 rusticorum

91 2483 215 2548 litteris
240 2481 422 2547 'nummaria
447 2488 504 2544 est
549 2478 642 2558 Ergo
662 2477 885 2560 Vergiliarum
911 2501 1025 2546 occasu
1044 2486 1151 2566 prImo

91 2596 202 2660 statim
220 2593 392 2662 conveniet
416 2593 542 2672 aperire
562 2589 674 2670 alvos,
708 2599 741 2656 ct
768 2590 966 2674 depurgare,
992 2595 1149 2678 quidquid
1246 2591 1253 2602 ’

92 2706 334 2780 innantium
356 2703 606 2783 diligentiusque
627 2706 921 2786 carare,2qu0utan
933 2717 1153 2791 pcr'te'mpera

93 2817 208 2882 hiemis
236 2835 301 2878 non
333 2813 462 2893 expedit
490 2833 619 2876 movere
647 2824 701 2878 aut
722 2817 897 2894 patefacere
916 2836 1003 2885 uasa.
1030 2821 1149 2898 „Quaen

91 2930 134 2994 ob
156 2947 279 2992 causam
291 2925 367 2988 dam
385 2923 485 2988 adhuc
499 2925 925 3008 auctumnireliquiuesunt,
946 2930 1152 3010 apriciesimh

92 3042 147 3106 die¹
169 3037 314 3121 purgatis
333 3033 511 3100 domiciliis
532 3035 680 3116 opercula
700 3037 788 3106 intus
801 3038 961 3119 usquead
980 3040 1076 3105 favos
1092 3042 1148 3109 ad·

92 3152 249 3218 movenda
266 3159 355 3232 sunt,
375 3149 463 3212 omni
482 3166 583 3212 vacua
605 3155 694 3228 parta
714 3147 800 3212 sedis
820 3149 964 3230 exclusa·
980 3173 1044 3234 quo
1065 3152 1148 3220 faoi..

93 3265 167 3348 lius,
180 3265 343 3344 angustiae
365 3281 533 3324 cavearum
555 3279 614 3342 per
633 3259 766 3322 hiemem
779 3262 1004 3348 concalescant.
1048 3266 1150 3348 quue

93 3387 216 3456 semper
235 3375 413 3440 faciendum
434 3382 482 3436 est
503 3373 599 3436 etiam
623 3372 658 3435 in
683 3372 727 3436 iis
748 3371 852 3453 alvis,
883 3396 961 3456 quae
975 3380 1150 3460 paucitate

92 3487 197 3571 plebis
219 3485 434 3566 infrequentes
462 3494 545 3550 sunt.
591 3484 753 3564 Quidquid
773 3484 887 3551 deinde
911 3489 1063 3552 rimarum
1085 3497 1147 3568 ast,

93 3609 150 3664 ant
169 3599 371 3675 foraminum,
397 3596 465 3658 luto
487 3603 519 3657 et
537 3597 610 3658 fimo
633 3595 754 3659 bubulo
773 3597 885 3661 mixtis
907 3599 1071 3662 illinemus
1092 3622 1146 3664 an·

91 3713 260 3789 trimecus,
276 3725 337 3772 ¹nec
360 3707 427 3769 nisi
440 3707 557 3788 aditus,
580 3707 896 3788 quibuscommeenc,
919 3711 1145 3793 relinquemus.

92 3825 135 3888 Et
154 3822 301 3905 quamvis
321 3819 448 3901 porticu
468 3827 607 3900 protecta
631 3839 721 3898 vasa,
743 3819 849 3881 nihilo
871 3823 975 3886 minus
996 3832 1147 3903 congestu

94 3936 269 4000 culmorum
288 3941 321 3994 et
340 3930 501 3994 frondium
519 3939 765 4012 supertegemus,
788 3942 999 4015 quantumque
1013 3953 1066 3996 res
1090 3952 1144 4017 pa-

93 4048 213 4128 tietur,
237 4067 256 4109 a
283 4045 406 4127 frigore
434 4051 467 4106 at
494 4043 733 4122 tempestatibus
769 4045 956 4108 muniemus
1008 4045 1146 4125 Quidam

715 4157 736 4219 4
756 4154 774 4196 a
