2786 4600
750 243 796 328 lb

681 357 856 376 ...ν-Ἦ

240 481 419 562 vitatibus,
454 481 580 564 inquit,
613 481 714 548 totius
746 481 835 546 orbis
863 481 960 550 multi
988 483 1179 566 quidem‘zcrt
1204 493 1298 571 parte

240 593 458 675 scripserunt3
483 593 668 674 adplenum
684 603 788 656 mmen
808 594 1007 659 Ptolemaeus
1026 597 1159 676 Graeca,-
1181 597 1299 666 Luna

241 704 389 782 Plinium
419 706 457 770 ale
487 704 614 771 Italicis
640 705 736 768 ctiam
764 707 899 770 urbibus
931 707 1080 789 Hyginus
1110 710 1297 790 plenissime

240 819 373 898 scripsit
390 825 423 880 et
441 817 521 880 Cato
543 819 578 880 in
601 817 825 897 Originiousu.
869 819 978 885 Aliam
990 821 1028 885 de
1048 823 1105 884 bac
1121 830 1299 890 are-,senteu-

240 931 319 1000 tiam
337 929 559 1010 protulitJoh.
575 929 768 1009 Schefferus,
791 931 1086 1013 Argentoratensis,
1109 935 1143 1000 iu
1166 934 1298 1022 diesem

240 1043 279 1109 dc
305 1042 431 1124 Hygini
458 1042 631 1122 scriptoris
659 1043 837 1109 fabularum
874 1054 974 1111 aetate
1005 1055 1098 1128 atque
1117 1044 1235 1112 ,stilos
1262 1043 1300 1111 1⁵

240 1153 325 1219 cuim
354 1163 478 1234 censet,
510 1154 635 1235 Hygini
657 1155 777 1218 librum
805 1158 845 1218 de
871 1157 1006 1222 urbibus
1030 1158 1144 1226 Italiac
1165 1155 1297 1223 acaum

238 1276 361 1348 panem
377 1267 476 1330 luisse
496 1267 603 1345 operis
624 1269 765 1345 majoris,
784 1267 834 1331 Dc
856 1269 992 1332 urbibus
1004 1271 1167 1352 inscripti,
1189 1269 1299 1351 Hygi*

239 1398 376 1460 numque
394 1379 497 1458 igitur
517 1397 580 1438 non
603 1378 641 1439 de
664 1377 798 1440 urbibus
821 1379 918 1441 unius
944 1389 1210 1459 maronianae,
1239 1380 1296 1444 seo

239 1491 392 1570 omnium,
414 1509 548 1571 quorum
569 1498 694 1571 poterat
711 1491 860 1554 notitiam
873 1490 998 1571 babere,
1018 1493 1195 1574 scripsisse.
1224 1492 1295 1553 Ad·
1382 1553 1383 1582 ,

238 1603 352 1680 ductus
375 1610 423 1662 est
441 1601 479 1662 ad
500 1601 581 1664 hanc
595 1604 786 1678 sententiam
807 1624 864 1684 eo,
886 1604 967 1690 quod
989 1625 1069 1686 quae
1089 1625 1106 1666 a
1125 1603 1235 1674 Plinio
1257 1603 1294 1666 iu
1382 1593 1383 1610 ¹

239 1715 325 1800 Hist.
348 1721 412 1779 nat.
433 1713 520 1777 libro
542 1723 675 1797 quarto,
707 1717 820 1797 quinto
849 1717 1113 1798 assequentibus
1135 1705 1294 1798 usquead

237 1813 358 1892 librum
378 1829 547 1909 septimum
567 1827 820 1930 proferuntur,'
811 1848 846 1889 ιιι
867 1828 983 1910 quibus
1002 1830 1149 1892 omnibus
1170 1822 1295 1911 Hyg'ini

237 1941 335 2004 libris
355 1945 424 2003 se'se
446 1961 538 2004 usum
558 1961 625 2002 esse
636 1950 773 2002 testatur
787 1929 957 2020 (scilicet
947 1961 982 2002 ιιι
989 1941 1105 2004 indice
1119 1951 1295 2019 auctorum,

237 2051 294 2136 q'ui
315 2055 377 2114 toti
398 2037 489 2135 operi
509 2053 701 2134 praemissus
715 2053 789 2131 est),
811 2051 896 2113 nibil
911 2073 1073 2114 commune
1092 2053 1208 2115 habent
1223 2071 1296 2113 cum

236 2166 343 2230 Italia
387 2165 472 2226 Mihi
490 2173 594 2225 tamen
616 2161 693 2225 haec
711 2163 867 2224 sententia
892 2184 956 2224 non
974 2164 1135 2242 probanda
1151 2163 1295 2226 videtur.

235 2277 319 2340 Nam
340 2276 402 2338 etsi
428 2273 552 2357 Hygini
575 2295 688 2336 nomen
717 2273 750 2335 in
774 2273 878 2336 indice
900 2275 939 2338 ad
961 2273 1037 2337 illos
1058 2273 1160 2337 libros
1177 2272 1297 2348 Plinii,
1381 2295 1382 2322 ι

236 2377 272 2452 in
293 2389 408 2472 quibus
424 2388 462 2450 dc
475 2385 541 2449 situ
553 2387 720 2469 regionum
735 2387 854 2468 agitur,
876 2387 1001 2468 saepius
1018 2393 1294 2484 commemoratur,

235 2485 358 2582 tamen,
388 2499 536 2582 quoniam
557 2500 653 2563 loci
643 2499 727 2581 apsi,
755 2501 789 2561 in
817 2499 933 2579 quibus
962 2498 1164 2578 Hyginum
1155 2519 1190 2560 ιιι
1219 2477 1294 2558 illis

235 2615 333 2676 libris
354 2615 469 2674 citasse
481 2613 613 2674 videtur
633 2597 774 2688 Plinius,
796 2627 882 2671 nunc
896 2630 961 2671 non
980 2619 1173 2691 comparent,
1192 2609 1293 2670 statui

235 2747 299 2806 non
328 2733 453 2806 potest,
483 2723 522 2784 (le
551 2743 685 2803 quanam
712 2743 746 2792 re
769 2720 934 2803 Hyginum
962 2723 1148 2786 citaverit'
1178 2720 1294 2784 Potuit

234 2835 337 2901 a'utem
350 2834 496 2914 Plinius,
513 2835 569 2916 qui
583 2835 767 2914 saepissime
789 2833 934 2898 derebus
950 2834 1130 2898 levissimis
1147 2843 1294 2898 auctores

236 2953 327 3058 citat,
350 2949 444 3032 otiam
468 2946 663 3028 Hyginum'
654 2967 687 3008 ιιι
710 2947 780 3009 illis
800 2947 880 3010 locis
901 2948 938 3010 dc
959 2949 1111 3028 rebusad
1136 2967 1202 3009 rem
1221 2940 1293 3036 pri-

236 3049 389 3140 mariani,
415 3080 507 3142 quam
528 3059 701 3137 tractabat,
733 3081 797 3122 non
827 3062 1044 3142 spectantibus
1064 3060 1175 3122 citare.
1220 3053 1296 3120 Huc

236 3175 369 3258 accedit,
388 3161 476 3257 quod
499 3171 646 3252 Seruius,
669 3171 725 3253 qui
729 3154 871 3254 Hygini
894 3173 1013 3234 librum
1033 3172 1078 3232 dc
1089 3169 1214 3230 Italicis
1234 3188 1294 3231 ur-

234 3286 330 3376 bibus
363 3285 487 3369 saepius
514 3293 757 3364 commemorat,
789 3282 870 3344 libri
897 3282 946 3345 Dc
978 3281 1116 3359 urbibus
1137 3302 1295 3364 nusquam
1380 3259 1381 3272 ἶ

235 3398 428 3460 mentionem
460 3395 547 3458 facit.
592 3394 692 3456 Immo
725 3394 760 3454 iu
786 3401 892 3457 annot.
916 3392 968 3464 ,aab
997 3393 1079 3458 Aen.
1110 3393 1200 3474 VII,
1229 3395 1295 3460 687

236 3510 342 3592 (quem
363 3507 468 3568 locuni
487 3507 578 3568 antea
598 3504 709 3585 attuli)
741 3505 877 3568 Servius
897 3505 1019 3585 tradit,
1041 3505 1206 3587 Hyginum
1226 3525 1294 3568 non

235 3623 274 3686 ‹le
288 3619 480 3683 'civitatibus
497 3617 598 3680 totius
618 3617 719 3700 orbis,
743 3617 797 3681 sed
812 3619 850 3680 de
869 3616 994 3680 Italicis
1010 3627 1133 3681 tantum
1154 3617 1293 3680 urbibus

235 3707 415 3850 scripsisse
448 3729 644 3792 Macrobius
677 3729 804 3813 quibem
825 3727 870 3809 V,
900 3731 939 3797 18
971 3731 1025 3814 (c'l.
1048 3731 1140 3812 lrgm.
1163 3731 1218 3794 cit
1240 3733 1290 3814 9).

236 3825 360 3928 Hygini
381 3843 502 3905 librum
521 3843 691 3905 secundum
708 3843 836 3904 urbium
850 3855 1081 3922 commemorat,
1103 3844 1157 3907 sed
1173 3845 1293 3924 optime

236 3961 342 4038 potuit
363 3957 546 4020 Macrobius
561 3955 619 4018 hac
640 3957 852 4037 inscriptione
872 3955 991 4019 librum
1010 3957 1047 4020 alc
1063 3956 1135 4020 Ital.
1155 3955 1294 4020 urbibus
1379 3983 1380 4038 j

237 4071 412 4148 designare.
1379 4065 1380 4078 ¹
