2786 4600
510 167 712 364 n..

96 473 224 556 quidem
234 463 498 556 melissophyllon
512 473 660 555 appellat.
677 475 740 538 Sed
754 475 789 536 in
801 473 942 538 consessa
956 456 1156 539 damnatione

95 595 145 652 est
163 594 353 654 venenatum
375 587 411 648 iu
433 585 612 650 Sardiniae.
691 659 692 662 Ἴ
896 594 900 602 “

179 697 299 762 Mirum
322 717 371 760 me
389 697 503 770 habuit
520 719 585 777 eos,
606 699 662 778 qni
685 695 810 778 Hygini
831 716 926 777 opera
948 715 1172 761 enumerans«.

97 817 174 872 runt
199 806 388 890 (exquibus
417 809 526 874 Nicol.
552 809 731 872 Antonium
761 807 784 868 l.
807 807 830 868 l.
863 806 1005 890 excipio)
1036 808 1156 870 librum

95 921 164 995 cius
193 919 243 982 De
265 921 377 1002 apibus
405 940 470 984 nou
498 922 688 986 nominasse.
731 919 896 982 Videntur
927 920 981 982 illi
1011 920 1156 983 homines

93 1031 181 1094 docti
202 1033 364 1094 censuisse
392 1029 490 1115 (quod
514 1035 610 1096 etiam
635 1032 844 1111 Suringarius
873 1031 895 1096 l.
919 1030 942 1092 l.
964 1053 994 1114 p.
1020 1037 1081 1100 173
1101 1053 1156 1096 su·

92 1142 171 1224 mli)
190 1143 314 1224 Hygini
336 1142 455 1209 librum
477 1145 516 1208 de
535 1143 647 1227 apibus
658 1146 787 1207 nonnisi
800 1154 921 1226 partem
935 1144 1035 1206 luisse
1048 1146 1156 1224 operis

93 1254 134 1320 de
155 1275 191 1316 re
213 1255 356 1336 rustica,
387 1257 470 1338 quod
491 1259 749 1338 conscripsisse
778 1256 864 1320 infra
895 1257 1002 1318 statim
1027 1255 1156 1316 demon-

92 1367 276 1440 strabimus
319 1368 426 1451 Atque
447 1389 580 1448 revera,
603 1371 633 1431 si
657 1370 858 1448 consideras,
881 1371 968 1430 inter
988 1366 1069 1429 alios
1091 1365 1156 1428 Co-

91 1478 282 1560 lunellum,
304 1499 382 1562 quae
404 1481 442 1544 de
462 1481 574 1562 apibus
596 1483 746 1562 scripsit,
778 1482 813 1542 in
854 1480 940 1544 libro
968 1499 1026 1542 suo
1053 1478 1092 1540 de
1119 1498 1156 1541 re

93 1601 177 1664 nist,
200 1593 395 1672 protulisse,
428 1592 524 1656 facile
552 1615 589 1657 eo
619 1595 653 1654 in
683 1593 871 1654 sententiam
898 1591 1012 1654 adduci
1039 1589 1155 1669 possis,

91 1705 187 1768 etiem
209 1705 374 1786 Hyginum
392 1715 537 1784 separato
556 1705 723 1768 volumine
745 1705 787 1766 de
804 1704 923 1785 ¹apibus
952 1721 1017 1766 non
1041 1701 1154 1782 egisse.

90 1815 242 1886 Attamen
264 1837 360 1896 quum
380 1836 444 1878 uno
465 1817 499 1879 in
531 1816 603 1880 loco
629 1815 826 1878 Columellas
855 1815 945 1896 (IX,
972 1817 1025 1892 13,
1049 1813 1084 1890 8)
1105 1810 1155 1876 di-

91 1927 211 1993 stincte
242 1937 508 1994 cornmemoretur
536 1927 614 1992 talis
641 1927 766 2010 Hygini
795 1928 897 2006 liber,
937 1933 1088 2006 apparet,
1117 1923 1157 1988 de

90 2037 223 2122 Hygino
242 2040 341 2104 statui
363 2039 445 2104 illud
468 2061 532 2104 non
552 2061 655 2122 posse.

174 2151 309 2216 Pramer
324 2152 507 2232 -lragmenta
522 2163 627 2238 autem
638 2153 731 2224 liuius
744 2151 825 2216 libri
843 2169 939 2230 supra
960 2145 1057 2210 allata
1074 2146 1156 2228 apud

92 2262 302 2327 Columellam
330 2265 425 2327 ctiam
457 2265 577 2337 judicia
605 2263 760 2326 nonnulla
787 2263 826 2326 de
855 2263 962 2324 eodem
991 2259 1155 2341 leguntur,

91 2393 171 2456 quae
200 2375 306 2462 magui
327 2375 480 2438 momenti
507 2375 590 2437 mihi
619 2395 687 2437 esse
718 2375 883 2438 videnlur.
926 2373 1072 2434 Primum
1094 2370 1156 2440 hue

90 2486 276 2552 referendus
297 2495 347 2548 est
377 2485 573 2552 Columelloe
594 2485 702 2566 locus,
730 2486 788 2568 qui
816 2484 987 2548 invenitur
1008 2482 1066 2547 lil).
1088 2481 1154 2561 IX,

90 2619 138 2680 cp.
157 2602 179 2662 2
197 2596 228 2678 δ.
252 2604 289 2677 1,
309 2600 365 2670 ubi
382 2599 464 2662 ⁴liaeo
489 2595 662 2680 leguntur:
696 2597 805 2662 Venio
833 2617 918 2660 nunc
940 2595 978 2658 ad
1004 2594 1154 2658 alvorum

91 2729 223 2787 curam,
255 2710 294 2772 de
322 2712 441 2790 quilius
460 2733 561 2794 neque
588 2711 780 2792 diligentius
810 2710 982 2796 quidquam
1011 2707 1156 2788 praecipi

9 2811 11 2816 ’
90 2829 214 2902 polest,
245 2837 337 2898 quam
362 2822 404 2887 ab
431 2821 563 2904 Hygino
596 2823 659 2884 iam
680 2822 802 2886 dictum
822 2830 892 2900 est,
916 2841 974 2884 nec
994 2820 1154 2898 ursariam,

91 2951 185 3014 quum
214 2930 381 3011 Virgilio,
416 2950 477 2996 uec
505 2932 681 3012 elegantius
714 2953 807 3012 quam
845 2931 949 2995 Celso.
1004 2929 1156 3009 Hyginum

90 3052 237 3106 rotonum
270 3051 434 3106 auctorum
460 3040 576 3123 placila
603 3043 737 3108 secretis
766 3041 909 3122 dispersa
939 3039 1166 3120 monumentis,

92 3155 252 3220 industrie
273 3152 424 3234 collegit:
443 3153 608 3234 Virgilius
621 3155 756 3233 poeticis
778 3153 914 3216 floribus
930 3152 1152 3215 illuminavit:

92 3266 205 3333 Celsus
227 3269 395 3348 utriusque
415 3266 501 3330 modi
525 3267 671 3330 adhibuit
694 3266 896 3344 modumu.*)

67 3419 73 3428 ·
178 3378 349 3458 Praecepta
379 3381 486 3460 itaque
506 3380 661 3460 permulta
683 3381 742 3442 hoc
762 3377 886 3460 Hygini
909 3396 988 3457 opus
1010 3373 1153 3436 contine-

90 3490 163 3568 bat,
193 3497 226 3552 et
253 3491 291 3554 de
322 3490 527 3555 mullitudine
556 3511 663 3558 rerum
692 3489 869 3554 Columella
895 3488 977 3552 illud
1003 3485 1153 3548 omnibus

92 3601 169 3666 aliis
197 3601 436 3683 praeferendum
466 3625 533 3666 esse
566 3613 682 3666 censet.
729 3603 851 3682 Quodsi
871 3620 953 3664 vero
976 3595 1154 3662 Columella

94 3776 323 3796 W

10 3885 13 3902 '
127 3874 154 3946 ⁸)
174 3876 352 3949 Pomponius
370 3873 504 3942 SabinuS,
526 3874 575 3944 qui
597 3875 632 3928 ad
651 3875 758 3944 Georg.
778 3873 865 3943 Virg.
887 3873 942 3938 IV,
966 3867 1021 3926 mu
1047 3853 1153 3922 simili-

167 3984 212 4029 ter
232 3975 267 4028 de
285 3973 404 4046 Hygino
421 3974 548 4044 iudicat,
570 3975 643 4028 hunc
662 3973 838 4028 Columellas
858 3973 949 4026 locum
969 3977 1034 4021 ante
1054 3962 1153 4020 oculos

169 4071 282 4130 hebuit.
