2786 4600
684 333 858 348 m

239 471 349 546 guent,
372 459 429 542 qui
441 458 541 522 tradit
553 457 574 523 l.
587 458 623 537 l.,
647 455 864 522 Alexandrum
878 457 1026 522 floruisse
1046 459 1100 523 tat
1113 463 1180 526 τῶν
1192 459 1303 524 Σύλλα

239 575 363 661 χρόνων
382 572 436 633 καὶ
456 570 510 634 ἐπὶ
529 567 619 648 τάδε,
635 569 671 630 lr.
686 589 712 632 e.
733 568 843 634 Sullae
862 572 1059 652 temporibus
1080 581 1112 636 et
1132 582 1205 654 post
1224 573 1299 636 Sul-

240 688 303 752 lam
326 692 494 748 mortuum.

324 799 411 874 Quae
432 814 529 875 quum
550 793 596 854 ita
617 791 696 871 sint,
718 812 783 856 nen
804 795 902 860 video
922 817 1048 860 causam
1070 798 1226 878 idoneam,
1243 817 1302 862 eur

239 909 321 991 apud
352 903 543 971 Suetonium
569 905 784 986 antiquiorem
814 907 904 972 illam
935 909 1126 973 lectionem:
1158 911 1300 974 studiose

239 1018 420 1104 (Hyginus)
451 1027 483 1080 et
514 1015 617 1081 audiit
630 1017 662 1100 *)
694 1028 727 1080 et
764 1021 908 1085 imitatus
942 1022 1046 1104 est**)
1073 1022 1168 1086 Alex.
1200 1023 1299 1104 Poly-

239 1135 413 1196 historemu
444 1129 676 1210 improbemus3
715 1131 848 1214 ideoque
874 1137 1075 1201 statuendum
1104 1145 1209 1216 puto,
1228 1135 1298 1216 lly-

239 1248 360 1328 giuum,
382 1264 399 1306 a
421 1241 457 1305 C.
480 1241 571 1304 Julio
596 1242 729 1304 Caesare
746 1243 877 1306 Romam
898 1247 1088 1325 adductum,
1111 1246 1298 1328 Polyhisto-

240 1379 305 1422 rem
326 1354 465 1420 audiisse
484 1362 515 1416 et
532 1363 641 1434 postea
665 1355 701 1414 in
722 1355 853 1435 scriptis
876 1357 1037 1420 imitatum
1055 1377 1133 1420 esse.

313 1469 429 1548 ¹Quum
446 1475 548 1531 autem
565 1467 694 1528 Romam
707 1466 917 1532 adduceretur
930 1469 1090 1550 Hyginus,
1108 1479 1140 1532 et
1153 1470 1297 1535 Alexan-

236 1583 289 1648 dri
312 1579 432 1644 soholis
453 1578 642 1658 interesset,
676 1586 775 1640 aetate
810 1582 872 1655 jam
892 1581 1221 1662 provectiori-fuisse
1241 1582 1296 1646 vi·
1324 1649 1327 1656 ,

236 1727 463 1744 W

274 1809 299 1880 ⁴)
319 1807 477 1873 Probabile
497 1818 555 1874 est,
581 1808 690 1868 Juliom
717 1811 863 1868 Caesarem
888 1800 1036 1885 Hyginum
1060 1829 1188 1879 servum,
1215 1815 1296 1880 cujus

312 1907 457 1978 ingenium
475 1916 503 1966 et
516 1906 675 1964 litterarum
689 1910 813 1964 studium
826 1921 1005 1978 cognoverat,
1025 1911 1192 1966 Alexandro
1204 1911 1296 1980 Poly-

312 2003 416 2062 histori
436 2003 641 2070 instituendum
660 2004 826 2071 tradidisse,
847 2017 1004 2076 posteaque
1022 2007 1188 2071 Octaviano,
1210 2023 1295 2074 quum

312 2106 387 2160 hunc
406 2100 540 2156 heredem
561 2099 734 2170 institueret,
752 2119 808 2182 'una
828 2119 889 2158 cum
910 2103 1022 2170 reliqua
1041 2103 1201 2158 hereditate
1219 2102 1295 2156 dono

312 2199 437 2256 dedi'sse.

272 2307 311 2380 **)
332 2307 437 2366 Quaeri
460 2315 570 2380 potest,
596 2307 739 2376 quomodo
759 2309 846 2364 verba
865 2307 1016 2364 Suetonii:
1044 2317 1072 2363 et
1097 2306 1223 2362 imitatus
1250 2315 1295 2360 est

311 2407 348 2464 A.
366 2405 401 2462 P.
426 2405 614 2474 intelligenda
642 2385 710 2461 sint.
758 2407 906 2478 Hyginum
933 2404 1092 2460 Alexandri
1126 2422 1214 2476 opera
1241 2421 1294 2457 ex-

312 2501 476 2574 scripsisse,
498 2504 543 2558 vel
565 2503 594 2556 in
613 2485 747 2557 Latinium
766 2517 921 2558 sermonem
936 2503 1115 2557 transtulisse
1137 2502 1227 2572 (quod
1241 2503 1294 2554 Fa-

310 2601 433 2664 bricius,
452 2600 532 2654 Bibl.
554 2601 617 2653 Lat.
638 2601 718 2656 Tem.
739 2602 763 2666 1,
784 2619 812 2671 p.
827 2601 884 2656 303
904 2599 950 2659 ed.
964 2601 1090 2664 Harmas,
1109 2611 1137 2652 et
1149 2597 1293 2652 Bacchius
1309 2637 1311 2644 .

309 2699 330 2754 l.
351 2698 371 2752 l.
391 2715 421 2767 p.
447 2697 482 2753 31
504 2695 647 2766 sumunt),
667 2698 745 2751 nulla
770 2715 802 2752 re
829 2697 943 2768 probari
969 2706 1073 2767 potest.
1121 2695 1292 2752 Videbimus

295 2793 384 2848 enim
405 2791 489 2858 infra,
510 2793 656 2864 Hyginum
676 2795 735 2850 fere
755 2795 786 2848 in
806 2794 949 2860 omnibus,
971 2811 1043 2861 quos
1062 2791 1217 2864 scripsisse
1237 2803 1293 2846 tra·

291 2891 405 2956 -ditur,
440 2889 527 2946 libris
555 2889 721 2958 utriusque,
754 2901 782 2944 et
807 2892 930 2962 Graecae
956 2901 984 2946 et
1009 2892 1145 2956 Latinae,
1177 2891 1292 2957 linguae

307 2987 499 3058 scriptoribus
516 3004 598 3050 usum
611 3004 690 3054 esse;
711 2977 862 3058 praeterea
879 3005 929 3040 nec
951 2988 1154 3059 inscriptiones
1169 2997 1196 3038 et
1208 3001 1291 3052 argu-

307 3095 399 3140 menta
413 3083 526 3155 Hygini
547 3063 686 3138 librorum
701 3087 797 3139 cadom
815 3087 905 3139 luisse
926 3084 1061 3138 videntur
1080 3101 1150 3150 quae
1166 3082 1291 3134 Alexan-

307 3180 353 3234 dri
375 3179 556 3250 scriptorum.
598 3181 739 3247 Equidem
755 3181 847 3250 igitur
866 3183 952 3235 verba
967 3181 1018 3233 illa
1032 3177 1164 3234 Suetonii
1183 3170 1291 3231 intelli·

244 3346 247 3352 Ι
307 3278 400 3346 geuda
419 3279 516 3347 potius
536 3294 638 3331 censeo
657 3278 692 3330 de
713 3278 860 3331 doctrinae
882 3277 999 3341 studiis,
1020 3276 1125 3342 quibus
1147 3275 1289 3344 Hyginus,

244 3365 254 3388 ⁰
272 3357 273 3360 Ἴ
307 3373 503 3428 Alexandrum
523 3373 582 3426 sibi
604 3374 763 3444 exemplum
783 3389 954 3444 proponens,
976 3373 1170 3437 incumbebat,
1198 3372 1290 3439 deq-ue

307 3469 433 3536 ratione,
462 3487 543 3536 quam
565 3469 594 3523 in
621 3469 660 3523 iis
690 3469 844 3523 tractandis
871 3479 983 3524 secutus
1004 3480 1057 3523 est.
1098 3470 1190 3522 Ambo
1215 3469 1288 3522 enim

305 3566 382 3632 viri,
409 3567 574 3620 Alexander·
599 3577 629 3620 et
654 3567 790 3638 Hyginus
800 3604 809 3631 ,
836 3565 1002 3620 incubuisse
1034 3566 1168 3620 videntur
1198 3566 1288 3617 eidem

305 3663 465 3720 studiorum
486 3664 601 3730 rationi,
623 3681 705 3732 quam
724 3663 842 3734 plurimi
857 3661 1116 3717 Alexandrinorum
1135 3674 1164 3716 et
1182 3663 1289 3729 Perga·

303 3775 446 3816 metrorum
473 3761 617 3815 hominum
647 3761 793 3815 doctorum
820 3758 911 3814 secuti
939 3770 1017 3827 suut;
1052 3760 1229 3826 maximeque
1258 3757 1288 3810 in

303 3858 409 3932 mythis
429 3857 602 3927 colligendis
623 3866 652 3912 et
671 3855 857 3930 etymologiis
877 3857 1035 3913 statuendis
1055 3857 1105 3929 (el.
1125 3873 1197 3924 quaa
1215 3855 1289 3910 infra

304 3955 340 4008 de
358 3955 470 4034 Hygini
491 3953 569 4010 libro
590 3955 626 4008 de
644 3936 757 4010 italicis
772 3952 891 4010 urbibus
909 3951 1076 4028 disputabo)
1096 3953 1207 4028 similes
1227 3951 1286 4008 sibi

305 4049 394 4106 luisse
413 4051 548 4106 censendi
566 4061 641 4110 sunt.
