2786 4600
691 225 866 360 „ts-

249 470 439 550 amotione,
475 469 537 532 hoe
571 468 701 532 nomino
731 465 926 550 appellatos,
962 470 1019 552 qui
1045 473 1145 532 aione
1167 477 1308 547 serenet,

250 585 325 648 atta.
348 621 391 634 --
408 583 493 646 Τιιιιι
516 601 534 647 a
556 579 712 644 Diomede
731 580 936 660 grammatico
957 580 1013 658 (oi.
1029 581 1147 664 Puteoli
1160 582 1196 644 in
1209 581 1306 661 Corp.

250 717 380 783 gratnm.
402 715 433 776 Ρ.
455 693 533 772 300)
560 691 723 756 annotatio
744 692 895 774 quaedam
913 691 999 756 Julii
1020 693 1159 760 Modesti
1180 693 1220 756 ad
1238 702 1308 774 ety-

250 807 421 886 mologiam
447 813 591 886 spectans
611 805 753 868 addentur.
799 804 899 880 Cuius
913 805 1014 870 verbe
1035 805 1110 868 haeo
1130 814 1223 868 sunta
1252 803 1309 866 In-

251 918 368 983 etnam
390 917 435 980 ab*
450 918 577 983 inchoo.
619 917 678 980 Sic
699 915 867 981 dicendum
889 925 980 998 putat
1000 915 1111 980 Julius
1132 917 1309 994 Modestus,

212 1027 213 1030 ’
251 1031 327 1112 quia
346 1031 390 1092 sit
410 1030 620 1111 compositum
640 1050 657 1091 a
679 1029 768 1110 chao,
790 1029 887 1092 initio
906 1026 1064 1110 rosum&
1108 1029 1155 1092 At
1170 1029 1310 1091 Verrius

252 1151 285 1204 et
305 1141 438 1208 Flaccus
458 1143 495 1204 in
515 1151 673 1223 postrema
702 1141 827 1222 syllaba
857 1142 1059 1222 aspirandum
1079 1141 1308 1222 pnohaverunt.

254 1253 378 1316 cotum
391 1253 483 1316 enim
505 1252 586 1332 apud
609 1259 737 1312 veteres
759 1251 911 1315 mundum
930 1253 1099 1330 significat.
1144 1251 1222 1316 Inde
1245 1259 1311 1312 tun·

253 1373 341 1429 ctum
361 1363 522 1427 inchoare.
565 1361 910 1444 Tranquillusquoque
920 1360 972 1422 his
990 1363 1180 1442 assentiens,
1197 1359 1312 1424 libello

251 1496 312 1542 sua
339 1473 525 1555 plenissime
552 1473 659 1536 sedem
681 1473 859 1538 inoohatam
889 1473 935 1536 ita
961 1473 1145 1537 disseruitd.
1165 1473 1312 1556 -7.Tunt

251 1585 362 1670 piures
384 1585 449 1648 ioci
473 1606 513 1648 ex
533 1583 677 1648 Modesto
697 1585 906 1668 proteruntur
928 1606 947 1648 a
968 1584 1117 1648 Charisio
1142 1586 1179 1648 in
1200 1584 1309 1648 Instit.

251 1697 465 1780 grammatias.
508 1697 653 1761 Primum
680 1698 800 1760 citatur
825 1697 989 1763 Modestus
1015 1697 1097 1778 apud
1128 1695 1312 1762 Chanisium

251 1829 282 1892 Ρ
291 1811 347 1890 56,
364 1812 403 1876 12
418 1808 466 1875 ed.
479 1808 610 1889 Puiseh,
631 1809 689 1873 ubi
708 1809 964 1890 haeeleguutura
986 1809 1134 1889 Piorum,
1148 1809 1312 1872 Modestus

251 1929 343 2004 putat
367 1941 432 1984 non
460 1941 527 1984 esso
559 1921 727 1986 dicendum
753 1921 898 2002 plurium
925 1941 996 1984 oum
1017 1922 1041 1984 i.
1083 1921 1129 1984 Ea
1149 1921 1235 1989 enim
1253 1939 1311 1982 no·

252 2033 362 2114 mina,
385 2052 463 2114 quoe
484 2033 692 2112 comparanda
712 2040 805 2111 sunt,
836 2033 1013 2112 genitivoi
1034 2031 1148 2095 habere
1167 2051 1231 2095 non
1255 2028 1311 2090 de·

251 2143 342 2223 tent,
363 2151 400 2206 ut
420 2143 572 2206 iomiores
596 2140 1157 2222 tortiorum,=mettoeesmetioeum
1178 2139 1311 2220 siculu-

252 2271 307 2319 res
326 2253 440 2318 horum
459 2251 607 2332 plutum,
632 2253 689 2316 sed
717 2253 911 2318 consuetudo
931 2253 1074 2335 pluuium
1094 2253 1198 2316 cumi
1220 2252 1311 2316 dioit.

253 2363 346 2426 Unde
367 2372 399 2426 et
417 2363 619 2426 Terentius
610 2383 645 2426 ιιι
669 2363 885 2445 Phormione,
911 2364 1009 2430 Nova
1039 2365 1092 2427 hio
1121 2363 1312 2446 compluria,

253 2475 370 2569 diuite.
378 2474 428 2556 as)
455 2475 531 2542 Atta
545 2477 684 2546 Modesti
696 2475 859 2538 annotatio
870 2485 1173 2556 commemoraturp.
1186 2479 1240 2555 58,
1251 2480 1310 2540 1οι

253 2563 321 2652 Tus
343 2609 360 2650 a
373 2587 541 2652 tundendo
560 2589 631 2650 sine
654 2589 864 2684 aspiratione
871 2587 1012 2666 dieitur,
1035 2589 1183 2668 quamvis
1201 2585 1312 2650 Julius

248 2700 418 2782 Modestus
437 2697 602 2760 ἀπὸτοῦ
623 2681 718 2774 seme
745 2708 882 2763 tanatum
904 2699 1017 2762 dicitu.
1059 2699 1190 2782 Tump.
1211 2702 1312 2778 78,3

253 2831 294 2876 eu
313 2809 421 2873 eodom
437 2809 583 2874 Modesto
604 2831 639 2872 ea
654 2811 843 2892 afferuntur,
869 2833 947 2893 quae
963 2813 1001 2876 de
1016 2813 1199 2876 differentia
1215 2831 1312 2874 voca·

252 2921 405 2990 batorum*
429 2921 516 3002 large
546 2931 578 2984 et
607 2921 749 3004 largiter·
765 2933 931 2988 statuerat.
972 2925 1081 2989 Verba
1112 2925 1188 2988 haee
1214 2933 1310 2988 suot:

252 3031 361 3102 Julius
383 3035 547 3098 Modestus
564 3045 733 3118 utrumque
754 3046 840 3100 reete
859 3038 926 3102 diei
946 3039 1014 3117 ait,
1043 3037 1098 3100 sed
1126 3035 1214 3114 lange
1242 3053 1312 3096 esse

252 3147 432 3227 qualitatis,
457 3147 591 3230 largiter
605 3149 817 3231 quantitatis,
837 3151 921 3212 unde
940 3147 1083 3210 nascitur
1104 3144 1237 3226 largitas
1256 3156 1312 3208 aut

253 3255 407 3338 largitio,
430 3279 502 3324 nam
523 3259 685 3341 largitudo
703 3279 858 3341 nusquam
876 3258 1045 3322 invenitur
1065 3255 1131 3320 nisi
1148 3257 1232 3340 apud
1243 3257 1310 3322 Νι-

291 3603 414 3676 ³)1dem
434 3605 534 3662 statuit
554 3603 656 3660 Festus
676 3618 700 3659 s.
723 3621 752 3662 v.
774 3605 911 3661 lnehoare
931 3604 991 3678 (ed.
1010 3608 1045 3665 Ο.
1066 3607 1172 3665 Miiiier
1187 3627 1217 3682 p.
1240 3605 1310 3680 707)

259 3743 267 3755 ι
328 3705 476 3771 Inchoare,
495 3701 601 3771 inquit,
620 3701 736 3756 uidetur
756 3721 793 3756 ex
808 3703 917 3760 Graeco
934 3722 1080 3774 origenem
1091 3707 1213 3777 trahere,
1233 3708 1311 3776 quod

328 3802 396 3888 diesi
400 3801 472 3887 odes
492 3797 616 3856 omnium
636 3813 729 3854 rerum
750 3798 866 3855 initium
885 3817 949 3856 esse
969 3801 1081 3859 dixerit
1100 3803 1195 3906 ehaos.

289 3950 453 4024 ⁶)Eaden
479 3955 540 4012 iere
559 3953 629 4010 neoc
651 3953 808 4012 atteruntur
832 3969 850 4010 a
876 3953 1013 4012 cumino
1030 3973 1064 4028 p
1080 3955 1158 4022 100,
1179 3954 1216 4014 17
1233 3969 1299 4012 s

326 4048 502 4124 compluria.
