2786 4600
753 217 802 304 id

687 327 862 346 *ἡ

245 467 368 528 tantmu
393 455 476 522 locis
503 426 692 522 senteutiam
717 471 807 518 suam
837 451 880 514 in.
901 471 940 524 eo
960 453 1145 536 exposume
1172 449 1307 528 ‚vidntur

246 571 407 654 Hyginus,
429 566 513 650 quod
535 565 654 646 colligo
675 585 715 629 ex
737 562 845 626 Gellio
864 563 961 644 XVI,
983 570 1004 632 6
1025 563 1056 645 ἕ.
1075 569 1126 646 lt,
1146 566 1204 648 qui
1225 565 1307 631 citat

161 663 173 690 ⁹
245 683 366 748 librum
394 686 541 760 quartum
567 677 675 762 operis
707 675 746 740 de
774 673 931 758 Virgilio.
971 676 1080 758 Atque
1105 677 1239 742 videtur
1269 675 1308 738 in

245 816 283 860 so
302 793 409 856 minus
431 798 532 852 artem
552 788 699 874 eriticarn
721 789 914 868 exercuisse,
922 788 955 868 *i
984 807 1077 870 quarn
1104 790 1212 869 potius
1230 787 1307 870 pul·

245 901 446 968 chritudinea
461 909 510 996 ‘et
540 919 666 967 emotas
692 911 802 982 poetae
830 899 999 965 indicasse.
1049 899 1098 962 Ex
1118 900 1305 979 erroribus,

245 1035 326 1098 quos
347 1013 496 1098 Hyginus
518 1013 556 1076 in
576 1009 725 1096 Virgilio
739 1012 983 1094 deprehendisse
1003 1011 1154 1094 putabat,
1178 1009 1306 1075 Gellius

244 1127 354 1210 plnres
368 1127 547 1189 annotavit.
578 1125 836 1207 Reprehenderat
854 1123 1005 1207 Hyginus
1018 1121 1201 1204 Virgilium
1211 1123 1307 1186 modo

244 1249 282 1305 ut
302 1239 459 1302 orationis
482 1236 606 1299 tenoris
634 1234 772 1298 oblitum
805 1233 859 1313 (of.
880 1236 965 1298 Gell.
988 1237 1033 1315 V,
1055 1238 1112 1318 8),
1146 1235 1241 1300 mado
1268 1243 1307 1298 ut

155 1338 160 1350 ⁸
243 1351 422 1436 prolepsios
451 1367 562 1410 verant
588 1355 734 1410 naturam
765 1347 964 1428 ignorantem
994 1345 1050 1427 (of.
1073 1345 1163 1412 Geli.
1188 1346 1240 1426 X,
1264 1348 1307 1414 16

244 1462 274 1545 ἓ.
300 1468 318 1528 l
339 1460 435 1542 sqq.),
457 1457 550 1519 modo
571 1466 608 1520 ut
628 1467 838 1538 repugnantes
856 1458 944 1522 inter
962 1478 996 1523 as
1018 1477 1071 1520 res
1089 1457 1306 1538 proferentem

243 1575 337 1657 (ibid.
360 1570 392 1653 ἓ.
418 1575 456 1638 11
477 1575 582 1652 sqq.),
602 1570 696 1632 modo
717 1579 753 1632 ut
772 1573 914 1651 tempora
937 1579 969 1634 et
991 1588 1143 1652 personas
1169 1567 1305 1634 oenfua-

244 1687 369 1750 dentem
401 1681 495 1762 (ibid.
521 1677 552 1762 ξ.
575 1684 615 1748 14
636 1681 740 1764 sqq.),
772 1682 865 1745 modo
890 1681 1027 1766 denique
1058 1692 1095 1745 ut
1123 1681 1303 1764 impropria

242 1795 423 1879 loquentem
445 1793 502 1874 (cf.
515 1794 598 1860 Gall.
613 1793 711 1874 XVI,
722 1794 769 1872 6).
813 1794 853 1856 In
872 1794 991 1878 quihus
1010 1803 1116 1860 tamen
1136 1795 1304 1866 enorihus

241 1907 419 1974 statuendis
450 1907 576 1989 saepius
607 1927 731 1970 errasse
760 1905 894 1969 videtur
922 1907 1094 1990 Hyginus,
1123 1915 1156 1970 et
1173 1906 1304 1970 Gellius
1371 1901 1372 1942 i

243 2017 544 2102 ipsenonnullaaex
556 2017 839 2082 criminationibus
859 2015 947 2080 hisce
966 2015 1190 2096 refutavittr)
1225 2015 1304 2080 Non
1371 2005 1372 2008 ¹

241 2132 301 2196 tali
315 2150 396 2194 vero
410 2129 503 2192 modo
520 2128 670 2210 Hyginus
686 2129 720 2190 in
731 2127 913 2208 Virgilium
927 2128 1076 2190 invectus
1086 2147 1154 2192 esse
1169 2127 1305 2191 videtur

241 2252 278 2308 ut
298 2243 386 2302 inter
407 2236 489 2305 alios
509 2238 677 2304 Carvilius
700 2236 814 2302 Pictor
825 2239 869 2346 δι
891 2237 998 2319 libro,
1031 2238 1085 2302 cui
1104 2259 1219 2304 nornen
1237 2238 1304 2304 suit

243 2393 471 2417 Μ·-
846 2381 865 2416 .

279 2475 306 2551 ’)
331 2479 409 2535 idern
437 2475 521 2532 etiarn
549 2473 654 2532 statuit
677 2475 732 2533 Th,
759 2474 942 2545 Bergkins
932 2493 963 2532 ιιι
992 2475 1077 2533 Actis
1099 2481 1306 2552 philologieis,

304 2572 486 2631 zeitschrift
498 2574 544 2628 far
555 2572 605 2627 die
617 2571 994 2628 Alterthnnrswissenschait
1006 2571 1168 2648 inscriptis,
1179 2579 1302 2648 ι1845,

315 2672 385 2728 lese.
401 2670 429 2735 2,
451 2685 480 2740 p.
497 2667 562 2734 lis,
582 2666 634 2722 ubi
653 2666 690 2720 de
711 2667 764 2722 hoc
783 2667 898 2741 Hygini
917 2671 1117 2728 commentario
1128 2691 1302 2746 omninoque

317 2767 354 2821 de
374 2768 435 2834 ejus
455 2763 615 2818 studiorum
637 2763 750 2818 ratione
769 2766 871 2822 haecce
890 2767 1052 2824 annotarit:
1072 2771 1172 2844 Hygia
1194 2773 1233 2830 ist
1253 2774 1302 2830 ein

197 2881 202 2892 ·
316 2859 536 2916 entschiedener
554 2861 711 2931 Anhinger
730 2861 780 2918 des
799 2863 959 2920 Cratetaers
978 2866 1153 2936 Alexander,
1171 2871 1228 2925 and
1241 2869 1302 2926 wie
1370 2893 1371 2946 y

316 2959 412 3014 dieser
432 2956 563 3028 weniger
580 2957 631 3012 der
650 2959 972 3034 kritischenRichtung
990 2965 1142 3034 zugetlran,
1162 2967 1302 3023 viclmehr
1370 2961 1371 2984 ¹

272 3037 275 3051 .
316 3055 356 3112 ist
373 3055 423 3110 die
442 3053 645 3127 Polyhistorie
670 3055 718 3110 bei
745 3057 810 3112 deni
836 3058 921 3118 einen
947 3060 1005 3116 wie
1030 3058 1077 3116 bei
1104 3063 1167 3116 dent
1192 3062 1301 3120 andern

277 3153 280 3158 '
314 3154 366 3208 das
394 3151 668 3209 charakteristischs
688 3153 839 3212 Merlunal.
878 3157 954 3211 Dies
980 3156 1123 3212 beweisan
1141 3157 1301 3214 ‘insheson-

315 3248 384 3304 dere
404 3249 473 3304 auch
502 3249 552 3304 die
571 3239 727 3317 Uberrcste
750 3250 802 3306 der
825 3251 1027 3308 commentarii
1055 3251 1218 3322 virgiliani
1246 3255 1300 3314 des

314 3345 426 3419 Hygia,
447 3346 583 3414 obgleich
594 3346 645 3402 die
656 3346 760 3422 Kritik
774 3345 854 3402 nicht
871 3349 1105 3418 ausgaschlossen
1125 3368 1186 3408 wan
1201 3351 1300 3424 (siche

314 3457 340 3496 z.
360 3440 395 3497 B.
418 3440 492 3498 Gall.
513 3442 537 3507 1,
556 3438 636 3510 tlt«.

276 3538 313 3610 ιι)
332 3541 418 3594 Immo
438 3554 494 3590 uno
516 3535 544 3591 in
565 3537 629 3595 loco
649 3536 773 3604 Gellius,
794 3539 884 3596 nimia
899 3515 1305 3634 Hygini'snbtilitateiratus,¹

316 3635 441 3706 ineptum
463 3652 525 3689 eum
545 3635 691 3707 appellare
722 3635 793 3692 hand
815 3637 960 3695 dubitavit
985 3639 1035 3712 (cs.
1055 3643 1109 3700 lib.
1131 3643 1190 3708 VI,
1212 3663 1255 3716 cp.
1277 3645 1298 3702 6
1369 3647 1370 3684 l

312 3728 339 3803 §.
361 3729 411 3802 5);
438 3748 493 3800 qua
518 3741 607 3788 tamen
635 3733 859 3804 reprehensione
886 3737 1081 3794 auctoritatem
1109 3741 1209 3796 liberti
1236 3743 1298 3795 Αιι-

291 3869 292 3877 .
313 3827 436 3900 gnstalis
455 3847 510 3884 non
531 3811 646 3887 omnino
659 3831 721 3885 vult
740 3831 923 3902 labefactare3
943 3852 1004 3892 narn
1026 3836 1089 3908 ipsa
1105 3836 1163 3891 alio
1183 3837 1212 3891 in
1232 3837 1297 3893 loco

312 3925 459 3984 contendit
484 3925 534 3998 (cl.
552 3928 583 3994 1,
603 3927 658 3996 21,
679 3925 706 3998 l.
731 3925 776 4000 l),
807 3929 953 4003 Hyginum
977 3933 1068 3990 tuisse
1086 3931 1298 4002 gemmantem

311 4023 387 4078 haud
407 4023 575 4096 ignobilem.
645 4071 648 4074 .
