2786 4600
681 187 854 319 ...L

239 427 327 494 Hist.
352 425 423 490 Lat.
447 423 689 506 lit.1‚ep.rn
712 431 744 486 ct
764 421 821 503 20)
847 423 1014 504 coniecit,
1030 443 1145 492 nomen
1171 427 1301 494 Licinii

238 543 270 604 h.
292 542 315 606 l.
341 546 526 618 corruptum
545 545 578 598 et
597 535 802 601 scribendum
822 555 890 599 esse
910 536 945 600 C.
963 536 1077 600 Asinii
1097 559 1221 604 nornen.
1256 542 1298 606 Et

237 673 311 718 senc
330 651 489 715 neminem
510 647 607 727 sugit,
629 648 713 712 hunc
733 646 900 728 scripsisse
920 648 1088 712 historiam
1110 651 1189 716 belli
1210 653 1295 714 civi-

237 765 293 846 lis,
314 773 347 825 et
367 759 530 824 consulem
558 759 658 822 fuisse
681 780 753 822 cum
788 759 846 822 Cn.
869 759 1015 823 Domitio
1047 761 1186 826 Calvino
1213 783 1296 826 anno

236 880 299 944 713
315 876 361 944 ,U.
382 895 411 938 c.
453 873 605 936 Attamen
633 890 796 938 excausa
823 871 1048 954 chronologica
1079 875 1159 936 hanc
1182 875 1296 940 Vossii

236 989 451 1063 coniecturam
464 984 596 1046 minime
611 981 805 1070 probandam
826 968 948 1048 censeo.
991 985 1074 1048 Nam
1086 985 1224 1050 Asinius
1239 986 1296 1053 ille

236 1122 253 1162 e
273 1100 344 1162 vita
368 1097 507 1160 excessit
532 1115 615 1160 anno
641 1095 709 1170 751
728 1093 766 1159 U.
789 1117 830 1174 c.,
854 1095 1005 1178 Hyginus
1033 1107 1138 1162 autem
1166 1099 1296 1160 Tiberii

233 1221 376 1292 tempora
398 1217 559 1274 assecutus
579 1226 646 1268 esse
661 1205 803 1270 videtur.
847 1185 938 1272 Unde
952 1230 1016 1274 non
1034 1211 1141 1291 potuit
1157 1211 1297 1275 Asinius

234 1323 400 1404 Hyginum
418 1339 520 1399 usque
544 1317 583 1380 ad
601 1318 690 1380 vitae
709 1318 804 1380 tinem
822 1329 1017 1397 sustentare,
1046 1321 1080 1382 id
1109 1321 1193 1402 quod
1214 1321 1293 1384 Suc-

233 1434 343 1498 tonius
364 1432 402 1492 dc
422 1430 549 1512 Hygini
570 1429 695 1492 fautore
713 1431 837 1496 asserit.
880 1431 992 1494 Alium
1010 1433 1198 1494 sententiam
1218 1452 1293 1512 pro-

233 1544 312 1608 tulit
332 1543 443 1608 Nicot.
472 1542 631 1609 Funccius
660 1540 724 1620 (De
756 1542 836 1621 ling.
868 1542 938 1606 Lat.
965 1543 1054 1606 Tom.
1079 1543 1127 1621 II,
1149 1563 1180 1624 p.
1202 1543 1292 1636 287),

233 1657 291 1738 qui
310 1664 429 1732 censet,
442 1652 697 1734 intelligendum
714 1673 784 1730 esse
805 1652 840 1716 (Β
854 1651 1018 1716 Licinium
1036 1653 1203 1720 Caecinam
1212 1654 1291 1716 Lar-

232 1787 319 1849 gutn,
341 1767 398 1848 qui
418 1766 530 1832 consul
552 1766 617 1827 fuit
631 1785 700 1826 cum
716 1764 850 1826 Tiberio
864 1763 1000 1827 Claudio
1022 1776 1105 1828 anno
1124 1766 1235 1832 totu.
1251 1786 1291 1846 c.‚

231 1881 286 1944 sed
306 1901 365 1946 nec
392 1879 473 1944 hauc
501 1878 690 1940 sententiam
719 1875 910 1956 probandam
929 1887 1023 1956 puto,
1055 1880 1203 1958 quoniam
1227 1898 1292 1942 non

231 2001 375 2070 constat,
414 1991 498 2052 hunc
525 2009 620 2068 opera
657 1986 808 2048 historici
846 1989 1029 2066 argumenti
1065 1989 1289 2068 composuisse.
1379 2009 1380 2022 ¹

230 2103 387 2186 Equidem
407 2100 515 2181 potius
542 2099 580 2160 de
606 2096 665 2158 hac
690 2095 920 2177 reamplector
955 2099 1165 2178 sententiam,
1197 2119 1290 2180 quarn

230 2215 313 2278 mihi
342 2230 444 2290 nuper
473 2208 723 2272 communicavit
752 2219 938 2290 praeceptor
968 2210 1196 2274 dilectissimus
1226 2211 1288 2272 Th.

146 2329 151 2343 '
230 2321 398 2406 Bergkius,
419 2322 477 2403 qui
494 2321 640 2400 conjicit,
663 2319 908 2400 intelligendum
929 2343 996 2384 esse
1021 2323 1168 2385 Clodium
1190 2343 1289 2404 quen·
1378 2365 1379 2406 7

229 2439 321 2515 dam,
343 2435 397 2497 cui
417 2453 589 2514 cognomen
610 2433 712 2496 suerit
731 2432 877 2510 Licinus,
899 2433 1054 2516 hujusque
1074 2456 1187 2500 nomen
1207 2433 1288 2514 apud

230 2521 421 2614 Suetonium
439 2546 672 2610 restituendum
690 2565 777 2621 esse3
803 2544 841 2606 ad
869 2565 962 2624 quam
990 2549 1202 2622 conjecturam
1232 2548 1288 2610 ed-

227 2662 343 2724 ductns
373 2665 422 2718 est
443 2657 580 2720 lectione
607 2655 729 2718 codicis
755 2655 994 2736 Lugdunensis,
1025 2658 1060 2720 in
1089 2679 1152 2741 quo
1180 2669 1288 2742 aperte
1377 2647 1378 2654 ἵ

228 2773 366 2852 legitur:
389 2797 450 2828 n-
469 2765 732 2830 Clodio'Licinin
749 2775 844 2818 -ὲ-
859 2767 1046 2838 historicon.
1090 2771 1191 2850 Quem
1208 2767 1287 2834 clo-

227 2885 316 2948 dium
337 2902 402 2943 non
421 2879 587 2944 diversum
605 2893 671 2939 esse
691 2887 781 2960 putat
798 2877 836 2942 ab
855 2879 927 2960 illo,
950 2883 1040 2955 cnjus
1062 2881 1120 2946 lib.
1138 2885 1159 2948 3
1179 2903 1287 2946 rerum
1376 2945 1377 2964 ,

227 2997 359 3058 Roman.
373 2991 492 3054 Livius
505 2991 562 3054 lib.
574 2981 710 3070 XXIX,
735 2994 816 3072 epu
838 2993 928 3074 citet,
951 2995 1048 3057 sicuti
1067 2993 1105 3056 ah
1125 3013 1174 3071 co,
1197 2996 1286 3067 cujus

227 3105 357 3190 ἔλεγχος
377 3100 535 3192 ypdrova
557 3101 730 3166 Plutarcho
752 3101 865 3182 (Num.
888 3127 936 3186 cp.
952 3103 991 3192 1)Ι
1013 3089 1285 3170 commemoratur.

106 3221 110 3240 '
228 3219 304 3282 Non
325 3215 465 3277 traditur
486 3214 627 3296 quidem,
648 3215 732 3286 hunc
753 3213 901 3278 Clodium
914 3215 1013 3276 fuisse
1036 3213 1208 3295 consulem,
1227 3218 1285 3280 vir

227 3341 332 3394 tamen
357 3325 536 3388 consularis
557 3323 635 3404 (quo
651 3326 779 3386 nomine
794 3326 967 3394 Suetonius
983 3326 1107 3406 Hygini
1127 3326 1284 3390 fautorem

227 3439 379 3524 appellat)
395 3437 524 3518 primis,
546 3435 662 3516 quibus
684 3437 892 3518 imperatores
916 3439 1109 3516 regnabant,
1130 3442 1283 3519 tempori·
1350 3463 1354 3471 ¹

225 3555 285 3618 bus
305 3551 407 3611 etiem,
417 3548 447 3608 is
467 3547 533 3610 dici
549 3546 683 3626 solebat,
707 3548 763 3628 qui
775 3549 978 3627 provinciam
992 3547 1281 3615 administraverat.

309 3663 476 3725 Postremo
496 3659 590 3721 etiarn
614 3658 779 3740 Virgilius
802 3659 890 3719 inter
909 3659 1026 3723 amicos
1050 3661 1174 3744 Hygini
1200 3661 1251 3722 ref
1266 3699 1281 3711 -

224 3775 342 3840 rcndus
365 3777 425 3852 est,
450 3770 533 3854 quod
557 3770 677 3852 colligo
697 3792 736 3832 ex
760 3769 953 3852 Columella,
984 3774 1040 3854 qui
1065 3773 1122 3839 lib.
1145 3773 1173 3854 1,
1195 3780 1280 3854 cp.l

225 3885 255 3968 ξ.
279 3881 318 3954 13
335 3887 509 3966 scriptores
541 3883 579 3945 de
605 3905 641 3946 re
670 3891 749 3945 rust.
771 3860 977 3964 enumerans,
1006 3885 1116 3946 haecce
1140 3885 1279 3966 profert:

223 4033 267 4050 --
279 4035 322 4048 -
334 4019 409 4060 mox
417 3994 598 4077 Virgilium
612 3994 669 4074 (sc.
682 3994 916 4076 memoremus),
938 3997 995 4077 qui
1007 3997 1145 4082 carmine
1158 4017 1281 4079 quoquc
