2786 4600
747 243 796 328 dd

245 487 380 552 exemtis
396 485 572 548 interaneis
585 485 707 546 occisas
728 481 912 544 cresimus
929 481 1112 563 includunt,
1135 491 1304 565 quaetenu-

244 620 323 682 pore
346 601 480 664 hiberno
501 596 623 678 plumis
644 596 712 658 suis
740 593 1000 656 delitescentibus
1021 596 1133 676 apibus
1152 595 1306 677 praebent

244 722 404 794 teporem:
435 709 637 787 tumetium,
659 709 690 769 si
712 717 788 770 sunt
807 709 948 770 absumta
970 705 1115 788 cibaria,
1145 707 1306 770 mmmcde

244 831 418 906 pascuntur
447 820 646 902 esurientes,
679 839 737 884 nec
766 821 831 882 uisi
859 837 930 881 csse
961 837 1067 880 earum
1105 821 1305 902 relinquunt
1377 855 1378 858 κ

245 937 306 999 Sin
317 943 420 996 eutem
431 933 500 994 favi
514 932 686 1012 sufficient,
707 941 893 1013 permanent
912 930 1067 994 illibatae.
1110 929 1181 994 Nec
1194 949 1306 1011 quaru-

243 1039 299 1110 vis
320 1047 553 1108 amantissimas
575 1047 806 1110 munditiarum
828 1041 992 1106 offendunt
1005 1043 1104 1106 odere
1121 1059 1190 1104 suo.
1233 1043 1308 1102 Mes

245 1159 310 1221 lius
331 1169 436 1220 tamen
459 1179 526 1220 esse
548 1178 605 1219 nos
626 1159 865 1235 existimemus,
896 1165 1038 1236 tempore
1064 1153 1199 1218 hiberno
1222 1154 1308 1216 lame

245 1270 464 1340 laborantibus
491 1271 529 1330 nd
551 1271 638 1349 ipsos
660 1269 765 1330 aditus
795 1269 831 1330 in
853 1266 1041 1330 canaliculis
1062 1268 1118 1330 vel
1142 1277 1308 1330 contusam

245 1393 277 1447 et
298 1401 377 1464 equa
400 1378 605 1442 madefactam
626 1379 721 1442 ficum
742 1379 874 1459 aridam,
896 1379 952 1442 vel
974 1375 1134 1444 defrutum
1156 1389 1211 1442 aut
1232 1399 1307 1460 pas-

245 1517 333 1575 sum,
366 1493 525 1574 praebere.
571 1492 696 1570 Quibus
727 1490 909 1574 liquoribus
939 1493 1087 1555 mundam
1115 1492 1220 1555 lanam
1242 1491 1308 1552 im·

245 1605 547 1685 baerecportebit,
580 1613 617 1666 ut
642 1605 828 1666 insistentes
849 1621 922 1685 apes
950 1607 1041 1686 quasi
1061 1625 1120 1688 per
1141 1605 1309 1686 sipbonsm

245 1737 373 1784 succum
399 1711 544 1782 avocent.
589 1717 677 1778 Uves
697 1717 792 1778 etiam
814 1735 942 1798 passas,
976 1739 1046 1780 cum
1067 1713 1307 1798 infregerirnus,

152 1911 153 1916 ἵ
245 1828 374 1917 patulum
395 1848 474 1910 aqua
499 1847 657 1908 respersas
674 1828 773 1910 probe
791 1829 945 1892 dabimus.
988 1829 1097 1913 Atque
1107 1833 1159 1894 his
1172 1828 1310 1893 emerite

244 1931 311 2004 non
332 1941 434 2003 solum
457 1941 581 2020 hieme,
602 1937 657 2004 sed
680 1941 793 2018 etiarn,
815 1935 930 2021 quibus
948 1944 1148 2021 temporibus
1168 1943 1220 2022 (ut
1241 1942 1308 2002 iem

244 2065 339 2136 supra
362 2052 446 2131 dixi)
467 2052 681 2132 tithymalluS,
705 2062 797 2132 atque
812 2053 907 2114 etiarn
918 2052 998 2114 ulmi
1013 2054 1183 2130 florebunt,
1205 2053 1309 2114 susti-t

244 2167 365 2228 nerrdae
390 2172 474 2225 sunt.
519 2163 606 2223 Post
623 2162 796 2223 confectum
826 2163 967 2224 brumum
998 2164 1110 2226 diebus
1139 2163 1208 2234 lere
1221 2173 1309 2244 spua-

244 2277 411 2355 draginta,
440 2272 596 2354 quidquid
624 2282 672 2334 est
701 2275 836 2354 repositi
863 2273 969 2336 mellis
995 2275 1076 2358 (nisi
1097 2267 1308 2337 liberaliter

245 2395 391 2451 curatore
413 2383 562 2447 relictum
581 2385 646 2468 sit)
668 2396 870 2466 consumunt,
894 2396 925 2454 et
938 2390 1140 2468 saepe-etiem
1156 2387 1307 2450 vacuetis

245 2497 330 2563 ceris
342 2517 442 2578 usque
456 2497 491 2558 in
511 2507 616 2560 ortum
626 2496 774 2577 Arcturi,
800 2501 855 2580 qui
869 2507 915 2559 est
929 2501 967 2560 ab
979 2493 1093 2562 'Idibus
1104 2499 1307 2576 Februariis,

245 2611 372 2674 ieiunae
386 2610 473 2670 favis
491 2610 678 2699 accubentes
691 2619 821 2688 torpent
836 2627 924 2670 more
938 2605 1132 2690 serpentum,
1154 2619 1186 2672 et
1197 2607 1307 2691 quiete

244 2739 301 2784 sua
322 2720 474 2801 spiritum
494 2729 706 2782 conservent:
728 2741 820 2802 quem
833 2732 936 2784 tamen
954 2742 996 2786 ne
1008 2715 1168 2803 amittant,
1188 2724 1218 2784 si
1232 2721 1304 2784 lon

243 2833 317 2914 gius
340 2832 438 2894 fames
460 2831 640 2910 incesserit,
663 2833 818 2914 optimum
840 2843 906 2914 est,
928 2855 986 2916 per
1006 2837 1127 2902 aditum
1144 2833 1305 2898 vestibuli

244 2941 433 3028 siphonibus
457 2944 564 3008 dulcis
582 2945 758 3027 liquamina
781 2947 977 3029 immittere,
999 2957 1041 3010 et
1064 2950 1115 3010 ita
1135 2947 1304 3029 penuriam

243 3053 421 3140 temporum
438 3059 611 3138 sustinere,
634 3057 708 3120 dum
724 3057 861 3121 Arcturi
877 3070 969 3123 ortus
991 3055 1225 3122 et=·birandinis
1246 3057 1306 3118 ad-

243 3181 362 3232 ventus
375 3167 604 3234 commodiores
616 3169 831 3250 polliceantur
846 3172 969 3234 futures
982 3179 1192 3250 tempestates.
1235 3167 1306 3231 ln-

244 3262 318 3362 pue,
340 3291 413 3360 post
435 3281 495 3342 hoc
515 3291 651 3360 tempus,
673 3299 744 3342 oum
767 3283 833 3342 diei
853 3285 1013 3362 permittit
1032 3281 1304 3363 bilaritasptpro-

244 3393 358 3456 cedere
374 3391 489 3455 audent
511 3394 546 3452 in
565 3411 688 3472 pascue.
732 3391 815 3452 Nem
831 3387 870 3454 ab
889 3395 1091 3474 aequinoctio
1103 3389 1216 3458 'verno
1231 3396 1306 3458 sine

245 3504 446 3568 cunctatione
469 3504 531 3563 iem
558 3503 676 3582 passim
706 3513 888 3583 vagantur,
919 3515 951 3566 et
972 3507 1102 3573 idoneus
1122 3510 1161 3570 ad
1183 3509 1305 3572 scenam

244 3617 420 3696 decerpunt
436 3615 543 3694 flores,
570 3623 663 3697 atque
682 3615 770 3678 intra
790 3625 873 3678 tecta
887 3630 1094 3700 comportant.
1140 3621 1225 3682 llaec
1245 3619 1304 3680 oba

246 3707 403 3790 servanda
424 3747 481 3808 per
506 3729 583 3790 anni
606 3737 747 3812 tempora
769 3729 1016 3808 diligentissime
1039 3733 1189 3815 Hyginus
1209 3751 1303 3814 prae-

243 3841 354 3920 cipite

675 3951 728 4012 Fr
767 3973 806 4016 m.
837 3957 866 4017 6.
931 3977 933 3986 ’

327 4059 477 4137 Plinius,
510 4058 596 4122 Hist.
626 4071 690 4125 nat.
720 3973 807 4142 dlx,
840 4071 875 4128 ll
912 4066 1118 4145 ''Apiastrum
1151 4065 1302 4146 Hyginus
