2786 4600
257 483 288 546 p·
313 463 403 544 706).
444 459 565 541 Venite,
587 481 666 544 quae
687 459 850 543 intelligo,
872 463 948 527 haec
965 453 1042 527 sunt
1060 463 1313 546 (ciPoema'ul-

256 577 373 640 timum
395 594 430 638 v·
454 578 515 640 127
537 595 605 667 sqq.
618 573 687 656 *)')e
1378 617 1379 670 p

299 687 387 768 Quid
408 680 529 768 loquar
542 675 573 748 et
594 686 746 766 Vestam,
775 676 868 768 quem
894 705 929 748 se
955 674 1050 767 negat
1070 689 1139 770 ipse
1161 689 1316 756 Sacerdos
1378 675 1379 732 l

306 799 399 864 Scire
419 799 497 879 quid
520 796 591 862 esti
620 797 761 882 imisque
782 808 887 862 tamen
903 797 1122 882 penetralibus
1142 801 1232 866 intus

303 911 435 992 Semper
450 911 665 974 inexstinctus
680 913 807 976 servari
828 913 963 992 fingitur
979 911 1075 993 ignis.

298 1021 369 1096 =Cur
388 1023 469 1102 Dee,
489 1045 555 1086 non
571 1025 661 1086 Deus
682 1023 751 1088 esti
769 1025 848 1088 Gur
869 1025 955 1105 ignis
976 1023 1094 1086 femina
1114 1023 1243 1116 ferturi

301 1133 368 1197 Ista
392 1137 520 1216 quidem
537 1137 677 1217 mulier,
700 1138 786 1218 sicut
810 1137 1005 1200 commendat
1023 1135 1185 1218 Hyginus,

301 1247 445 1310 Stamina
468 1249 572 1328 prima
589 1269 677 1312 novo
696 1259 820 1311 vestem
843 1249 1008 1310 contexuit
1028 1247 1110 1310 olim

302 1359 443 1422 Nomine
461 1359 498 1422 de
520 1361 652 1443 proprio
672 1359 802 1440 dictem,
823 1379 916 1440 quam
936 1359 1072 1423 tradidit
1092 1361 1162 1443 ipse

298 1473 475 1551 Vulcano,
495 1473 553 1555 qui
572 1482 649 1536 tunc
668 1471 724 1534 illi
739 1481 932 1534 monstrarat
952 1481 1080 1554 opertos

305 1585 476 1649 Custodire
496 1583 594 1650 iocos.
638 1584 702 1650 Hic
722 1605 850 1652 rursum
870 1603 1000 1649 munere
1019 1583 1121 1676 laetus

295 1697 433 1761 obtulit
452 1697 533 1761 hanc
553 1696 644 1778 Soli,
666 1718 724 1781 per
745 1719 838 1780 quem
860 1696 1067 1780 deprenderat
1088 1676 1164 1772 ante

300 1809 417 1873 Martis
441 1807 643 1874 adulterium.
686 1811 783 1874 Nunc
803 1811 907 1872 omnis
929 1809 1056 1873 credula
1076 1809 1172 1874 turba

302 1923 507 2005 Suspendant
528 1921 599 1984 Soli
617 1941 676 2003 per
694 1921 886 1986 Vulcanalia
904 1899 1021 1987 vestes.
1127 2007 1130 2014 ,

163 2103 165 2107 ,
258 2034 422 2118 Apparere
455 2035 589 2098 videtur
622 2055 661 2097 ex
688 2034 748 2096 hoc
787 2035 926 2096 carmine
950 2033 1058 2114 (quod
1085 2033 1242 2122 scriptum
1272 2041 1325 2096 est

260 2145 394 2210 fortasse
413 2167 495 2210 anno
506 2150 579 2213 394
599 2145 656 2209 vel
671 2149 733 2212 395
746 2166 777 2226 p.
794 2146 869 2208 Chr.
883 2165 914 2206 n.
928 2180 970 2194 -
982 2144 1023 2208 cf.
1044 2144 1162 2208 Murat.
1183 2165 1213 2225 p.
1229 2146 1325 2228 690),

205 2339 207 2346 y
260 2276 356 2338 opera
376 2257 529 2320 nonnulla
557 2256 684 2338 Hygini
704 2255 812 2318 seculo
840 2262 953 2336 quarto
983 2273 1014 2336 p.
1045 2253 1122 2350 Chr.
1145 2253 1245 2318 adhuc
1265 2277 1326 2319 ex-

260 2368 404 2446 stitisse;
421 2369 555 2433 difficile
573 2379 678 2432 tamen
700 2377 749 2432 est
768 2369 876 2446 dictu,
907 2387 946 2428 ex
971 2387 1108 2448 quonam
1129 2347 1255 2450 Hygini
1279 2369 1326 2432 li-

259 2479 320 2543 ltro
344 2482 548 2544 versificator
575 2481 780 2545 Christianus
809 2479 867 2543 illa
890 2478 1053 2558 hauserit,
1083 2481 1255 2560 quoniam,
1286 2491 1325 2544 ut

262 2610 360 2674 supra
371 2593 527 2669 vidimus,
551 2593 702 2676 Hyginus
716 2593 784 2654 fere
807 2593 842 2664 in
854 2567 1014 2670 omnibus,
1034 2611 1112 2670 quos
1132 2571 1326 2675 composuit,

262 2701 361 2766 libris
380 2725 431 2768 res
453 2704 684 2786 mythologicas
706 2713 738 2766 et
752 2703 953 2779 narrationes
968 2701 1129 2767 fabulosas
1146 2703 1342 2786 protulisse.
1361 2754 1363 2758 -

261 2815 404 2881 videtur.
446 2816 497 2878 De
518 2826 704 2898 argumento
720 2825 825 2906 autem
843 2815 938 2890 hujus
962 2815 1125 2896 carminis,
1147 2817 1229 2898 quod
1244 2837 1325 2880 con·

261 2937 325 2992 stat
346 2949 384 2992 ex
405 2931 467 2996 254
485 2931 654 3011 versibus,
683 2929 793 2994 haecce
815 2928 969 2994 monenda
997 2937 1082 2991 sunt.
1127 2928 1228 2990 Initio
1249 2950 1324 2992 car-

242 3039 363 3104 minis
391 3042 548 3106 Paulinus
578 3043 772 3107 Judaeorum
801 3042 1010 3130 caerimonias
1037 3050 1072 3103 et
1099 3041 1326 3104 credulitatem

264 3157 455 3238 exprobrat,
486 3166 554 3220 tum
576 3176 657 3219 vero
681 3157 715 3218 in
739 3154 930 3238 theologiam
954 3153 1103 3234 gentilem
1123 3153 1191 3214 acri
1212 3154 1325 3219 studio

265 3266 446 3348 invehitur,
471 3269 630 3350 simulque
649 3267 839 3348 religionem
859 3244 1073 3336 Christianam
1093 3273 1225 3347 propter
1243 3267 1325 3331 sim·

202 3463 205 3472 ,
263 3378 443 3464 plicitatem
465 3382 669 3446 commendat.

598 3527 974 3646 Epi'nietrumd.
1073 3535 1075 3542 ⁴

265 3673 676 3760 lodexauotorumquibos
688 3673 843 3740 &Jeme
855 3673 1006 3756 Hyginus
1017 3672 1324 3739 muscose-videtur.

274 3894 277 3898 ¹
305 3799 339 3878 l)
350 3797 793 3882 Alexanderpolynistcrmt.
803 3801 933 3864 Sueten.
944 3798 981 3860 de
995 3797 1044 3900 tlt.
1056 3819 1184 3879 gramm.
1194 3801 1323 3883 cpit).
1378 3865 1379 3888 p

264 3915 493 3944 ··-·---.-
1378 3891 1379 3952 l

303 3973 330 4044 *)
350 3977 383 4030 In
401 3975 470 4031 aliis
484 3975 602 4030 Paulini
616 3975 806 4042 editionibus,
826 3985 857 4029 ut
876 3972 907 4028 in
928 3990 971 4043 ea,
991 3991 1063 4044 quae
1073 3971 1184 4046 prodiit
1194 3971 1326 4030 Parisiis
1378 3953 1379 4012 l

345 4071 436 4140 1685,
457 4074 512 4129 hoc
531 4089 641 4128 carmen
660 4087 717 4127 non
738 4069 892 4128 invenitur.
