2786 4600
107 473 241 540 itineris
265 477 398 553 Cinnae,
417 475 644 570 Hyginumque
662 497 700 541 ee
721 479 886 544 occasione
907 481 1007 546 multa
1029 483 1170 566 Gecgra-

105 589 447 671 pbi'caimmiaeuisse.
593 597 595 602 '

190 700 233 764 lit
263 702 408 782 prolecto·
434 699 670 766 concedendum
689 713 758 785 est,
789 705 1065 788 simplicissimum
1088 725 1168 786 esse,

104 813 205 876 verbe
242 812 387 878 Charisii
420 823 660 877 commemorate
696 817 726 877 si
762 818 809 880 itu
842 818 1070 900 intelligamus.
1121 815 1167 878 Re

102 945 184 988 vero
203 927 382 988 accuratius
405 925 583 990 examinate
604 927 758 989 nonnulla
780 939 913 1008 vetant,
937 951 976 992 ne
997 931 1072 991 hnic
1093 949 1166 1000 sen-

100 1035 222 1100 tentiae
242 1038 395 1102 accedam.
439 1038 585 1100 Primum
605 1039 689 1100 enim
704 1039 879 1121 descriptio
899 1042 1029 1102 itineris
1047 1062 1063 1102 a
1086 1042 1165 1104 Cin-

98 1151 142 1210 'ua
163 1148 242 1210 iacti
262 1149 332 1212 Iter
352 1149 480 1231 quidem
502 1150 639 1214 inscribi
660 1152 777 1232 potnit,
799 1152 854 1214 sed
877 1173 940 1214 non
960 1151 1162 1232 Propempti-

95 1275 161 1321 'con
183 1259 314 1326 Cinnae.
333 1279 335 1288 ’
357 1261 525 1326 Praeterea
551 1264 652 1326 verba
683 1263 828 1346 Hyginie
859 1266 926 1338 eius
948 1283 1064 1344 curan,
1086 1285 1164 1344 quae

97 1371 135 1432 in
148 1369 262 1452 altero,
285 1373 369 1454 qnod
381 1373 489 1454 anuli,
511 1374 867 1457 fragmentu'leguntur‚
889 1377 949 1438 vix
968 1375 1164 1438 commodum

95 1483 250 1566 praebere
274 1486 431 1550 videntur
453 1507 599 1567 sensum,
629 1489 695 1550 nisi
713 1497 853 1568 statuas,
882 1487 1047 1571 Hyginum
1076 1487 1163 1554 bisce

96 1595 210 1659 uerbis
233 1595 355 1660 librum
376 1597 532 1680 quendam
551 1599 673 1662 Cinnae
694 1602 863 1682 respicere.

146 1773 151 1778 ,
181 1708 273 1770 Unde
294 1709 439 1790 equidem
467 1711 575 1791 potius
598 1711 785 1796 Suriugarii
810 1711 987 1776 sententiae
1016 1709 1071 1793 (ci.
1092 1709 1123 1802 l.
1136 1709 1160 1775 i.

94 1840 127 1900 p.
150 1818 227 1900 264)
249 1820 375 1901 accedo,
397 1821 454 1906 qui
476 1830 594 1900 censet,
619 1823 864 1908 intelligendum
885 1843 954 1886 esse
970 1830 1159 1886 commentu-

95 1931 183 1993 rinm
210 1929 336 2014 Hygini
358 1933 393 1994 in
424 1932 542 1998 Helvii
564 1933 684 1999 Cinnae
712 1934 959 2019 Propempticon
984 1934 1159 2013 Pollionis,

94 2029 179 2128 quod
202 2045 358 2125 scriptum
386 2053 435 2108 est
457 2065 540 2112 anno
563 2047 603 2110 U.
629 2069 657 2111 c.
679 2051 751 2115 714.
795 2047 870 2112 Non
896 2056 1003 2130 potest
1031 2045 1160 2127 quidem

92 2155 237 2236 probari,
258 2154 381 2219 Cinnae
406 2157 653 2241 Propempticon
679 2159 842 2224 Pollionis
865 2180 961 2242 aeque
988 2159 1158 2222 obscurum

93 2267 196 2330 inisse
219 2267 361 2330 dictione
384 2289 478 2351 quam
496 2273 563 2344 eins
578 2273 765 2354 Smyrnam
784 2271 966 2336 verisimile
980 2280 1085 2333 tamen
1097 2275 1156 2347 est,

91 2388 219 2462 poetam
240 2378 276 2441 in
296 2381 433 2461 utroque
452 2382 592 2447 carmine
613 2381 841 2446 obscuritatem
861 2383 1032 2468 affectasse.
1143 2389 1147 2397 '

215 2549 271 2636 ill.
318 2547 369 2632 lle
394 2547 463 2641 rite
486 2533 649 2660 rebusque
675 2550 850 2636 illustrium
875 2551 1026 2635 urorum

530 2706 659 2792 Frgm.
685 2713 715 2776 1.

173 2843 336 2907 Asconius
361 2846 521 2912 Pedianus
550 2846 590 2910 ad
623 2847 792 2914 Ciceronis
820 2849 1027 2930 Pisonianam
1059 2843 1152 2928 (edit.

86 2955 191 3040 Lugd.
205 2956 344 3022 -Batan
368 2961 469 3038 1675,
489 2979 520 3041 p.
545 2960 606 3024 163
627 2959 709 3040 sq.)=
742 2957 829 3022 Haec
860 2961 975 3024 Cicero
1007 2957 1152 3022 oratorio

87 3089 190 3150 more,
211 3091 274 3132 non
288 3069 456 3151 historico,
479 3053 768 3156 videturposuisse
779 3093 789 3148 3
800 3071 833 3154 *)
855 3091 927 3134 nem
941 3069 1052 3134 multis
1067 3077 1152 3132 aetu-

87 3183 176 3246 tibus
196 3193 268 3248 ante
289 3181 477 3246 Ciceronem
495 3181 582 3245 nulli
606 3184 641 3247 id
662 3183 838 3266 contigisse
857 3201 971 3246 verum
988 3192 1047 3246 est.
1081 3181 1150 3244 Ne·

87 3293 171 3356 mini
191 3315 271 3357 vero
293 3314 432 3377 unquam
453 3303 557 3375 antee,
579 3277 930 3387 videamusneparum
952 3303 1042 3359 caute
1061 3293 1150 3358 dica-

86 3425 182 3480 mus3
209 3405 351 3490 antiquis
380 3407 466 3468 onim
495 3409 694 3489 temporibus
718 3407 866 3492 pluribus
896 3408 980 3472 idem
1000 3405 1148 3486 contigit.

268 3527 314 3538 -n

123 3579 150 3654 ⁸)
169 3583 268 3640 Verba
287 3582 453 3654 Ciceronis,
480 3605 554 3658 quae
571 3588 714 3645 Asconius
734 3581 873 3657 respicit,
900 3585 970 3640 beec
987 3590 1053 3638 snut
1071 3581 1147 3652 (cap.

162 3679 200 3738 22
219 3690 290 3734 orat.
312 3677 393 3750 cit.).·
418 3683 467 3738 ille
486 3686 727 3753 consequentibus
745 3682 848 3740 diebus
869 3679 899 3736 ln
919 3698 954 3736 ee
974 3680 1038 3753 ipse
1055 3680 1153 3744 dorne,

162 3793 217 3845 qna
230 3787 260 3832 tu
274 3793 317 3831 rue
330 3778 493 3849 expuleras,
514 3798 596 3849 quam
608 3781 765 3853 expilatus,
786 3795 868 3848 quem
880 3778 1057 3841 incenderes,
1076 3761 1151 3848 pon-⁵

160 3874 272 3940 silices,
300 3875 448 3942 corisules,
475 3887 569 3948 patres
595 3876 753 3949 conscripti
784 3875 975 3940 collocarunt,
1004 3873 1145 3942 mihique,

159 3973 238 4042 quod
257 3982 322 4028 ante
339 3989 384 4028 me
402 3973 521 4042 nemini,
541 3974 663 4048 pecunia
682 3971 797 4048 publicu
816 3971 1016 4027 aedificandam
1034 3973 1146 4028 dometm

159 4075 354 4130 censuerunt‘.
