2786 4600
743 219 765 300 4

663 331 836 346 m

222 457 419 520 nominatum
444 455 544 518 luisse
569 453 830 535 Alexandrum,
860 465 901 517 ct·
925 477 964 519 ex
990 459 1048 520 bac
1070 439 1281 538 appellatione

223 569 304 632 mule
327 567 490 632 intellecta
512 577 614 642 ortem
634 587 702 629 esse
723 561 856 647 semem,
879 568 1042 650 Hyginum
1063 571 1193 632 nutione
1214 589 1282 633 esse

224 679 488 747 Alexandrinum.
1134 655 1138 662 ¹

693 844 805 928 ,μ
892 795 895 802 ’

309 1013 381 1077 Jem
409 1013 490 1076 mibi
519 1011 744 1096 disputandum
772 1022 821 1076 est
849 1011 888 1076 de
915 1014 1170 1094 necessitudine,
1206 1034 1284 1095 quec

109 1167 112 1174 ι
158 1180 161 1184 .
226 1124 314 1204 iuter
333 1125 551 1189 Alexandrum
575 1125 859 1206 Polyhistorem*·)
887 1135 921 1200 ,et
947 1127 1110 1208 Hyginum
1141 1135 1287 1188 nostrum

226 1236 447 1300 intercessisse
467 1237 610 1300 videtur.
653 1238 769 1299 Utrum
789 1237 874 1298 enim
893 1238 1045 1318 Hyginus
1067 1237 1288 1300 Alexandrum

226 1347 344 1412 Romus
367 1348 526 1426 audierit,
554 1367 613 1408 nee
641 1369 701 1428 ne,
730 1368 841 1428 magna
875 1351 1042 1410 est'inter
1062 1351 1155 1412 viros
1172 1351 1287 1412 doctus

227 1459 397 1524 dissensio.
440 1459 654 1534 Dijudieende
673 1469 722 1522 est
743 1451 983 1541 haecquees'tio
1005 1461 1287 1541 inprimis-secun-

228 1572 303 1638 dum
325 1566 507 1650 lectionem,
526 1593 604 1653 quae
625 1573 707 1653 apud
726 1573 914 1647 Suetonium
936 1559 958 1636 l.
983 1572 1004 1636 1.
1026 1573 1205 1636 iuvenitur.
1247 1571 1288 1640 »Iu

202 1683 382 1764 'plurimis
406 1669 603 1746 editionibus
632 1684 680 1746 ibi
718 1684 869 1765 leguntur
907 1685 1026 1748 verba:
1068 1686 1228 1747 nstudiose
1256 1692 1289 1745 et

158 1785 161 1792 ’
230 1795 325 1858 avide
352 1795 497 1856 imitatus
526 1805 588 1859 ests
607 1795 785 1878 (Hyginus)
811 1797 1003 1870 ¹Cornelium
1028 1793 1288 1876 Alexand'rumue

231 1915 326 1987 etque
350 1907 380 1968 si
405 1908 451 1968 ite
472 1906 630 1988 legimus,
661 1929 772 1970 sensus
799 1919 869 1988 est,
898 1909 1063 1990 Hyginum
1087 1927 1290 1988 magnacum

231 2019 403 2082 sedulitate
426 2021 665 2096 grammaticum
693 2021 790 2080 istum
812 2019 966 2090 Graecum
994 2006 1205 2096 in'doctrinu
1235 2018 1289 2079 ed·
1327 2069 1354 2080 ,.

232 2150 365 2210 aequare
387 2130 557 2194 studuisse.
601 2111 673 2190 Nec
693 2149 806 2192 revere
831 2131 963 2209 desunt,
997 2130 1112 2212 quibus
1140 2125 1219 2192 hene
1242 2129 1289 2192 le-

232 2243 371 2304 ctionem
389 2240 555 2304 defendere
572 2241 696 2321 possis3
719 2233 932 2304 demonstrari
943 2243 1028 2304 enim
1038 2250 1154 2323 potest,
1178 2217 1291 2302 Sueto·

137 2333 140 2340 ⁴
231 2351 359 2415 niuniu
380 2351 441 2414 tali
461 2351 688 2420 adverbiorum
702 2353 1056 2442 copulatione‘minime
1077 2354 1291 2418 abhorruisse.

141 2491 142 2498 ¹
229 2462 295 2542 lta,
317 2472 354 2527 ut
367 2482 463 2544 pauca
482 2464 627 2545 ¹enempla
644 2465 783 2542 efferum,
807 2467 842 2526 in
853 2461 1044 2528 Domitiano
1055 2487 1104 2546 cp.
1120 2469 1140 2532 8
1154 2449 1291 2547 legitur:

173 2568 177 2577 ¹
233 2573 409 2654 diligenter
429 2585 462 2636 et
485 2565 664 2654 iudustrie3
687 2577 722 2638 in
744 2575 874 2640 Nerone
897 2597 945 2658 cp.
971 2579 1012 2642 23
1037 2577 1161 2658 trepide
1182 2580 1292 2640 anxie-

167 2742 171 2748 .
198 2747 203 2757 ‚
234 2709 314 2769 que5
347 2690 382 2750 in
411 2687 469 2751 lib.
498 2688 536 2764 de
566 2688 615 2752 ill.
648 2709 779 2769 gramm.
812 2709 861 2771 cp.
892 2693 913 2754 4
944 2688 1119 2770 diligenter
1144 2697 1175 2751 et
1204 2699 1293 2752 ceute

214 2800 444 2882 scienterque.
488 2801 711 2864 Nihilominus
731 2811 835 2882 temen
857 2798 976 2882 lectio,
996 2822 1074 2884 quae
1092 2811 1203 2864 nostro
1223 2801 1294 2864 loco

185 2962 192 2997 s.
230 2911 418 2991 invenitur,
439 2933 502 2974 non
524 2901 685 2994 probanda
697 2915 850 2992 videtur3
868 2913 1138 3011 unicyyiqueenim
1153 2923 1293 2994 apparet,

178 3000 185 3066 l
235 3043 347 3086 vocem
375 3024 469 3086 avide
493 3026 524 3086 h.
547 3025 569 3086 1.
592 3027 779 3088 offensionis
800 2998 924 3108 aliquid
949 3022 1032 3088 inse
1051 3027 1176 3104 bebere,
1197 3045 1294 3105 quum

237 3155 302 3196 non
325 3135 547 3218 intelligetur,
571 3159 629 3200 cur
650 3139 799 3220 Hyginus
819 3137 1057 3220 grammaticum
1080 3136 1171 3198 illum
1193 3136 1293 3200 Gree-

238 3265 309 3308 cum
330 3253 416 3310 tento
438 3249 609 3311 sedulitate
629 3251 773 3312 imitatus
791 3250 846 3312 sit.
962 3237 964 3242 ⁵

318 3359 413 3420 'Unde
435 3362 578 3441 equidem
594 3362 808 3442 enitiquiorem
826 3359 934 3441 potius
947 3359 1132 3421 lectionem:
1152 3335 1307 3422 studiose⁴

239 3477 270 3530 et
290 3470 394 3532 audiit
424 3483 455 3534 et
475 3461 619 3536 imitatus¹
642 3483 689 3538 est
708 3471 764 3535 Al.
785 3450 935 3554 Polyhm,
965 3493 1058 3552 quem
1080 3473 1168 3534 inter
1186 3491 1294 3534 recen-

208 3677 209 3682 *
276 3653 300 3726 ‘)
318 3657 380 3730 Nou
400 3657 613 3712 confundendus
635 3667 678 3711 est
696 3656 745 3712 bic
760 3657 1000 3718 Alexander-cum
1015 3655 1085 3712 eliis
1103 3659 1186 3724 hujus
1206 3655 1294 3709 nomi-

314 3753 361 3807 nis
381 3753 471 3819 viris,
500 3764 531 3808 ut
552 3753 719 3808 Alexandro
744 3752 873 3824 Ephesio
900 3751 950 3823 (de
975 3771 1031 3822 quo
1056 3753 1238 3817 doctissime,
1265 3764 1296 3806 ut

306 3849 404 3916 sun,
431 3851 494 3920 egit
520 3849 555 3908 Α.
578 3851 714 3906 mernere
742 3851 771 3904 u
791 3851 934 3906 nauem.
954 3848 1178 3915 Alexandrinis,
1198 3835 1313 3904 seroi'

316 3946 400 4012 1843,
421 3945 761 4018 p.371-377)ve1cum
780 3948 946 4004 Alexandro
964 3947 1131 4021 Cotyeensi,
1151 3946 1204 4026 qui
1215 3923 1295 4010 mor·
1355 4019 1358 4024 Ι

315 4052 380 4098 tuus
400 4053 444 4098 est
464 4045 570 4100 Romae
586 4061 660 4100 enno
683 4045 737 4104 169
757 4063 786 4117 p.
808 4045 878 4102 Chr.
901 4059 903 4064 ·
937 4083 941 4090 -
1063 4054 1065 4060 '
