2786 4600
614 222 639 304 t

535 334 710 353 nunu—n*

66 491 69 496 ·
93 459 250 544 affimat,
277 463 400 528 nulltm
424 462 506 545 apul
527 461 685 529 Ovidium
704 457 830 546 Hygini
853 461 926 526 lieri
946 463 1151 546 mortuom,

93 577 278 658 nullamque
300 575 466 658 epistolam
485 575 524 638 atl
545 594 617 638 eum
636 577 788 660 scriptam
805 579 963 640 inveniri.
976 578 1020 660 *).
1242 561 1245 570 ’

97 773 99 780 Ι
179 690 266 752 Haec
290 672 357 752 lere
386 697 483 768 sunt,
511 689 629 772 quihus
656 690 783 754 Boessii
814 692 997 766 coniectura
1019 689 1150 753 nititur.

95 801 220 882 vides,
247 803 327 865 salis
347 802 512 882 ingeniose
535 819 601 864 eam
620 804 827 883 excogitatam
851 823 935 882 esse,
957 813 990 864 ai
1010 803 1154 882 magnoni

91 913 222 995 habere,
246 933 307 996 qua
326 916 431 996 primo
452 913 601 994 adspectu
622 935 654 976 se
676 915 882 994 commendet,
901 917 1039 996 speciem
1057 913 1153 989 veria

95 1002 281 1108 ceteroquin
305 1047 438 1110 causae,
463 1027 581 1106 quibus
607 1045 643 1088 ea
668 1027 750 1090 fulta
770 1037 838 1107 est,
867 1029 999 1090 minime
1020 1033 1156 1108 pumunt-

94 1121 266 1214 suraoer0;
291 1137 348 1217 (er
365 1137 501 1200 merto.
525 1138 653 1202 meaa.
676 1131 780 1202 uren
800 1140 983 1220 annosa)
1005 1139 1153 1200 maxime-

92 1233 157 1330 ¹quo
180 1249 263 1312 illud
283 1250 366 1320 mihi
384 1251 511 1312 obstare
525 1249 658 1312 videtur
669 1249 745 1313 huic
759 1253 949 1331 sententiaa,
969 1251 1056 1332 quod
1075 1249 1155 1313 Sue-
1240 1315 1243 1324 .

92 1362 224 1441 'lonium
256 1351 409 1442 quisine
438 1361 537 1424 dubio
568 1362 608 1424 de
635 1363 766 1445 Hygino
788 1365 973 1429 auctoribus
994 1363 1078 1426 haud
1102 1362 1155 1422 iu-

98 1474 195 1538 certis
214 1493 292 1536 usus
313 1482 380 1556 est,
394 1470 494 1536 'nullo
516 1475 618 1536 verbo
643 1475 823 1556 indicavit,
845 1477 1039 1554 amicitiam,
1060 1485 1156 1556 quam
1189 1475 1191 1480 ’

98 1585 240 1648 Ovidius
254 1607 324 1648 cum
337 1587 468 1669 Hygino
485 1588 705 1668 conjunxerat,
725 1588 896 1670 aliquando
907 1591 1066 1654 turbatam
1078 1605 1154 1650 esse.
1245 1570 1246 1575 ἵ

181 1699 351 1762 Praeterea
370 1700 458 1760 inter
473 1698 599 1780 Hygini
622 1701 740 1764 amicos
760 1677 954 1766 aSuetonio
972 1697 1158 1766 nominatur

99 1809 196 1886 Gaius
215 1809 377 1880 Licinius„
383 1810 526 1898 quidam,
544 1811 601 1892 qui
622 1811 723 1872 fuerit
742 1814 921 1878 consularis
939 1805 1032 1896 atque
1052 1816 1158 1876 histo·
1271 1809 1273 1813 ’

98 1923 197 1987 ricus.
241 1923 395 2002 Quisnam
425 1931 530 1994 autem
557 1922 618 1984 lroc
644 1923 773 1986 nomine
802 1927 1019 2006 significatur,
1045 1945 1156 2006 rnagnu

99 2043 148 2096 'esi
170 2035 258 2098 inter
273 2033 539 2098 hominesuloclos
556 2034 734 2114 dissansioy
754 2035 813 2098 tali
833 2038 918 2100 enim
936 2038 1065 2099 nomine
1080 2053 1159 2098 con-⁴

98 2145 217 2210 sularis
246 2147 422 2214 historicus
449 2157 643 2210 memoratur
669 2168 772 2212 nemo.
823 2147 863 2212 G.
893 2149 923 2215 J.
943 2150 1081 2235 Vossius
1103 2147 1156 2225 (ὼ

103 2385 107 2394 ’
137 2395 164 2472 ')
184 2401 248 2458 Non
267 2404 339 2457 male
358 2412 449 2458 tamen
467 2403 505 2460 R.
524 2400 636 2456 Merkel
656 2399 707 2472 (cl.
729 2405 789 2471 ejus
810 2401 879 2458 edil.
895 2403 1034 2460 Tristium
1054 2401 1157 2474 ovid.)

170 2497 334 2568 'conjecisse
353 2499 427 2554 milti
447 2499 578 2566 vitietur,
605 2498 726 2569 elegIam
754 2500 791 2556 ll
815 2499 887 2555 libri
915 2501 996 2556 tertii
1013 2499 1158 2556 Tristium

175 2597 211 2651 a'tl
230 2598 377 2670 Hyginum
395 2587 568 2654 referendam
591 2613 663 2654 esse.
705 2587 819 2670 Scripta
845 2603 888 2653 est
914 2597 985 2651 liaeo
1011 2597 1105 2667 elegia
1122 2596 1158 2652 etl

146 2715 150 2723 ³
177 2694 296 2750 amicum
316 2697 463 2766 quendam,
483 2694 534 2766 qui
555 2705 599 2749 ter
617 2695 745 2764 quinque
758 2695 902 2750 volumina
914 2695 1018 2750 Ovidii
1040 2693 1161 2766 (quilius

178 2792 277 2852 verbis
291 2795 559 2865 Metamorphoseou
578 2791 648 2848 libri
668 2793 816 2867 designari
837 2791 983 2861 ridentur)
1002 2795 1109 2848 Romae
1129 2793 1159 2858 iu

109 2955 112 2963 y
179 2889 325 2960 publicum
343 2891 490 2956 emiseram
507 2885 631 2966 proquo
649 2891 746 2944 cilicio
766 2891 892 2946 Ovidius
911 2883 971 2964 ipsi
989 2877 1096 2962 gratias
1114 2887 1159 2942 di-

161 2985 235 3052 cit,
256 3003 376 3054 eumque
396 2987 519 3064 appellat
536 2988 672 3041 cultorem
693 2996 721 3040 et
741 2987 898 3042 antistitem
913 2990 1060 3042 doctorum
1080 2965 1160 3041 viro-¹

179 3099 250 3138 rum.
292 3085 371 3140 Quae
391 3066 506 3151 quidem
526 3065 662 3138 allocutio
685 3100 741 3144 non
766 3084 841 3136 male‘
861 3083 893 3138 in
922 3083 1068 3156 Hyginum
1094 3099 1161 3137 con-

180 3182 270 3249 venit,
290 3176 379 3236 sicuti
397 3176 482 3236 etiam
499 3197 598 3235 versus
617 3179 742 3250 ejusdem
762 3180 872 3250 elegiae
892 3179 943 3252 (39
962 3178 1021 3250 sq.)
1070 3209 1074 3218 =
1103 3211 1106 3218 »

354 3281 456 3336 Nullus
476 3279 506 3332 in
524 3279 577 3331 hac
596 3273 682 3344 terra,
702 3279 818 3333 recitem
839 3279 864 3332 si
885 3279 1018 3344 carmina,
1038 3281 1119 3348 cujus

288 3401 291 3406 ·
351 3375 546 3433 intellecturis
567 3375 684 3430 auribus
705 3385 776 3441 utar,
799 3376 890 3430 adest.

182 3481 213 3530 et
224 3474 262 3532 43
274 3491 317 3544 sq.
357 3473 451 3547 Saepe
466 3473 584 3542 aliquod
605 3490 711 3542 quaero
728 3475 857 3540 verbum,
878 3489 1046 3542 nomenque,

780 3571 945 3639 locumque„
1034 3595 1039 3602 ·

353 3669 412 3724 Nec
432 3667 555 3746 quisque
575 3677 629 3735 est,
646 3685 663 3722 e
680 3685 737 3736 quo
759 3668 866 3724 certior
885 3685 948 3724 esse
967 3682 1076 3740 queam.
1186 3717 1188 3721 .

182 3766 290 3839 optime
303 3763 339 3820 de
350 3765 468 3837 Hygino
482 3764 610 3834 intelligi
631 3775 759 3835 possunt,
774 3756 918 3834 ¹quoniam¹
929 3765 961 3819 in
981 3765 1020 3820 iis
1039 3759 1159 3817 indicari

183 3865 298 3920 videtur
323 3879 444 3936 persone
470 3861 547 3917 docti
575 3861 695 3930 alicujus
721 3859 921 3928 grammatici‚'
947 3878 1029 3930 quem
1055 3856 1161 3913 Romae

182 3950 336 4030 aliquando
361 3957 475 4031 saepius
496 3959 703 4014 consultaverat
722 3969 822 4030 poeta,
846 3963 983 4029 cujusque
1007 3957 1161 4012 absentiam

183 4059 214 4114 iu
234 4043 343 4115 exsilio
363 4057 485 4114 maxime
503 4055 625 4114 dolebat.
