2786 4600
627 247 648 328 7

549 355 722 375 m

101 487 234 565 detur,
252 485 425 550 Suetonius
446 485 531 546 enim
551 483 574 546 l.
601 481 623 548 l.
655 484 845 546 sententiam
873 483 1008 549 illorum
1032 489 1162 570 refutat,

105 601 163 680 qui
186 607 379 673 statuerant,
407 597 573 680 Hyginum
593 613 726 676 puerum
748 595 965 659 Alexandriae
987 611 1110 680 captum
1132 611 1163 664 et

105 709 236 772 Romam
255 710 423 772 adductum
455 730 532 772 esse.
575 707 708 769 Causam
737 708 887 789 quidem,
918 729 977 772 cur
1005 733 1071 773 eam
1098 722 1163 776 non
1212 775 1218 784 ,

97 821 298 902 comprobet,
319 822 492 912 Suetonius
511 839 575 881 nou
597 819 738 896 addidit3
754 841 938 902 persuasum
957 827 1062 886 tamen
1082 826 1163 888 mihi

105 931 215 1012 habeo,
236 953 318 1013 eum,
338 935 395 1016 qui
418 929 687 1013 diligentissimus
710 931 833 994 eratin
854 934 1059 1012 exquirendis
1082 945 1162 998 tem-

104 1043 257 1124 poribus,
282 1056 414 1126 propter
441 1065 565 1107 causam
587 1042 844 1124 chronologicam
863 1047 1053 1106 sententiam
1071 1048 1162 1112 illam

104 1155 299 1236 repudiasse.
342 1157 384 1218 Et
403 1174 517 1219 revera
537 1155 705 1236 HyginuS,
727 1155 757 1216 si
781 1175 862 1216 anno
889 1160 953 1224 707
974 1157 1014 1222 U.
1035 1179 1061 1223 c.
1082 1174 1162 1239 puer

105 1265 206 1328 adhuc
217 1276 321 1345 esset,
332 1268 453 1349 illoque
463 1277 603 1348 tempore
616 1288 633 1328 a
646 1254 779 1328 Caesare
798 1267 928 1330 Romam
940 1269 1160 1352 adduceretur,

59 1380 62 1386 ”
106 1397 171 1440 non
190 1378 297 1458 potnit
316 1379 535 1442 Alexandrum
555 1380 678 1458 audire,
702 1381 776 1461 qui,
799 1387 837 1442 ut
856 1379 1022 1460 vidimuS,
1052 1383 1162 1445 Sullae

106 1492 302 1570 temporibus
313 1491 461 1552 floruisse
472 1491 603 1552 dicitur.
649 1490 815 1573 Hyginum
826 1501 928 1554 autem
941 1492 1162 1560 Alexandrum

104 1595 255 1683 audiisse,
278 1603 375 1666 certis
397 1603 581 1666 auctoribus
604 1604 759 1667 Suetonio
781 1613 977 1686 compertum
999 1615 1076 1671 erat.
1115 1618 1120 1633 ‘

558 1799 682 1883 x§.a

613 1914 765 1975 »Noscitur
783 1931 822 1972 ex
842 1915 940 1982 socio,
958 1914 1010 1984 qni
1029 1929 1086 1972 non

660 2012 843 2084 cognoscitur
860 2031 898 2068 ex
916 2027 974 2092 sa«

189 2114 290 2179 Paulo
311 2117 415 2182 fusius
434 2119 480 2180 de
506 2115 641 2195 amicis,
669 2116 786 2196 quibus
813 2137 906 2206 psus
922 2125 970 2178 est
1000 2115 1163 2201 Hyginus,

104 2228 259 2307 agendum
281 2239 337 2294 est.
379 2230 568 2292 Amicitiam
588 2229 726 2291 coluisse
745 2229 878 2293 videtur
892 2229 1041 2312 Hyginus
1057 2229 1162 2308 primo

105 2339 177 2401 loco
202 2339 436 2420 cumAugusto
458 2343 661 2422 imperatore,
678 2341 737 2420 qui
755 2359 825 2400 enm
845 2348 977 2420 propter
997 2341 1161 2420 ingenium
1196 2376 1198 2382 2

107 2459 140 2514 et
158 2451 342 2514 litterarum
361 2452 503 2519 studium
521 2451 706 2540 manumisit
727 2459 758 2512 et
771 2450 983 2516 bibliothecae
997 2453 1161 2514 Palatinae

46 2637 53 2645 ,
103 2541 267 2644 praefecit.
310 2565 360 2628 Ex
383 2585 420 2626 eo
437 2574 560 2643 autem,
583 2563 674 2644 ‘quod
703 2563 807 2644 gratia
834 2562 927 2637 hujus
957 2563 1161 2643 imperatoris

104 2683 269 2754 tantopere
290 2686 439 2760 exceptus
462 2685 528 2754 est,
561 2673 748 2739 concludere
772 2693 846 2736 saue
873 2695 1057 2756 possumne,
1090 2697 1162 2738 eum

106 2786 254 2848 doctrina
272 2796 364 2866 atque
385 2785 566 2852 eruditione
584 2788 663 2849 satis
680 2786 839 2866 insignem
859 2786 977 2864 fuisse,
996 2787 1161 2868 Augustus

105 2898 216 2978 enim,
241 2898 296 2978 qui
317 2897 381 2959 fuit
408 2899 501 2958 homo
523 2899 634 2960 doctus
657 2899 849 2980 optimisque
873 2899 996 2962 artibus
1017 2909 1160 2981 oritatuS,

106 2999 328 3072 innumerum
351 3008 690 3089 illorumprincipum
712 3008 895 3070 referendus
918 3017 985 3086 est,
1006 3011 1061 3090 qni
1085 3030 1160 3090 prae

105 3116 222 3184 ceteris
248 3132 280 3186 et
305 3120 445 3184 indolem
475 3131 568 3202 atque
598 3120 762 3200 ingenium
790 3120 953 3195 hominum
981 3123 1161 3204 perspicere

104 3243 248 3321 possunt,
271 3242 303 3296 et
321 3235 471 3296 virorum
490 3233 666 3313 insignium
693 3232 807 3293 merita
827 3231 905 3293 bene
930 3234 1036 3294 sciunt
1063 3236 1159 3297 aesti-

105 3323 202 3424 mare,
226 3345 309 3424 quod
334 3345 368 3407 in
384 3345 544 3425 Virgilio,
566 3344 702 3406 Horatio
720 3341 796 3404 aliis
816 3343 894 3404 satis
917 3344 1157 3409 demonstravit.
1236 3385 1237 3390 κ

109 3491 111 3496 ·
189 3455 310 3528 Verum
336 3479 400 3519 nou
429 3455 531 3520 solum
553 3456 733 3536 Augustum
762 3457 982 3535 imperatorem
1011 3455 1160 3538 Hyginus

104 3567 241 3629 amicum
263 3567 386 3647 hebuit,
408 3570 462 3631 sed
484 3569 613 3631 omnino
636 3567 856 3630 familiaritate
874 3589 909 3630 ac
932 3570 1159 3631 consuetudine

105 3677 357 3740 clarissimorum
378 3679 470 3742 illius
492 3681 645 3762 temporis
666 3681 814 3743 virorum
831 3703 907 3744 usus
929 3703 996 3743 esso
1018 3679 1157 3745 uidetur.

105 3789 206 3853 Arcta
229 3791 313 3852 enim
332 3791 562 3871 santiliaritate,
585 3793 739 3854 Suetonio
760 3801 851 3870 teste,
873 3793 1054 3854 interulios
1074 3812 1158 3853 com-

104 3904 217 3985 plexus
239 3912 286 3964 est
309 3902 466 3966 Ovidium
485 3903 662 3987 poetam.*)
705 3903 754 3964 Do
775 3923 835 3983 qua
858 3901 973 3965 Ovidii
995 3923 1066 3964 cum
1088 3903 1158 3985 Hy-

142 4069 168 4143 ‘)
184 4071 231 4128 Ex
245 4071 382 4139 amicitia,
405 4086 487 4142 quam
500 4071 625 4132 Ovidius
636 4089 698 4128 cum
710 4069 831 4144 Hygino
843 4065 1030 4138 conjunxisse
1039 4067 1157 4137 dicitnr,
