2786 4600
763 251 810 333 at

693 362 866 378 m

252 493 345 572 dicit,
365 492 529 574 Hyginum
551 511 589 553 ex
610 489 741 553 secretis
761 497 907 552 veterum
923 489 1135 554 monumentis
1154 487 1305 568 hausisse,

252 603 365 687 procul
388 604 485 665 dubio
506 603 541 664 in
564 622 599 663 eo
620 601 759 664 hominis
772 601 1306 664 doctissimistadiorumrationem

229 747 233 756 ·
253 733 442 797 cognoscere
462 733 650 794 possumus,
673 724 704 776 et
726 716 902 795 comparari
924 725 1028 796 potest
1046 717 1081 776 in
1103 715 1161 776 hac
1180 733 1216 774 re
1238 713 1305 794 lly-

252 830 347 909 ginus
367 845 438 887 cum
458 825 644 889 Alexandro
667 826 882 909 Polyhistore,
904 829 960 910 qui
982 827 1075 888 etiam
1097 825 1307 906 scriptoribus

252 937 529 1017 obscurissimis‚'
543 937 581 1001 de
602 939 719 1020 quibus
747 959 805 1001 nos
827 939 911 1001 nihil
937 939 1004 1002 fere
1023 939 1090 1000 nisi
1108 950 1224 1002 nomen
1243 935 1307 998 sci·

251 1070 334 1130 mus,
357 1051 392 1112 in
414 1050 595 1114 scribendis
617 1053 686 1113 suis
707 1051 856 1132 operibus
878 1071 954 1113 usus
976 1069 1043 1114 esse
1058 1050 1209 1112 traditur.

335 1162 505 1224 Praeterea
533 1163 572 1224 ad
594 1163 734 1224 indolem
756 1163 851 1236 hujus
879 1158 958 1224 libri
988 1161 1237 1244 cognoscendam·
1261 1155 1307 1222 le·

256 1275 363 1336 ctione
385 1275 481 1356 digna
506 1282 538 1335 et
559 1295 594 1334 ea
615 1283 710 1353 sunt,
741 1291 820 1353 quae
849 1293 866 1334 a
887 1273 1065 1337 Columella
1087 1274 1144 1338 llh.
1163 1273 1237 1353 IX,
1260 1287 1308 1353 cp.

251 1389 273 1450 ‘2
296 1381 325 1466 ξ.
347 1389 367 1449 2
387 1406 454 1466 sqq.
483 1385 669 1448 afferuntur.
713 1384 819 1466 Atque
840 1395 894 1462 e'a,
916 1383 1035 1464 inquit,
1057 1405 1135 1466 quae
1157 1385 1308 1466 Hyginus

253 1495 396 1559 fabulose
416 1496 532 1558 tradita
552 1495 589 1557 de
610 1495 793 1575 originibus
814 1515 905 1575 apum
927 1515 993 1557 nou
1017 1497 1213 1575 intermisit,
1232 1513 1310 1576 poe·
1381 1487 1382 1492 ¹

252 1607 335 1669 ticae
358 1609 460 1688 magis
483 1607 634 1669 licentiae
654 1626 746 1688 quam
771 1617 900 1669 nostrae
912 1607 994 1670 'ildei
1012 1609 1311 1671 ooneesserimam
1381 1593 1382 1608 ¹

253 1720 335 1780 Item
356 1719 393 1782 in
422 1721 467 1782 ils
495 1719 658 1802 Hyginum
687 1736 727 1782 ex
753 1729 844 1801 parte
870 1720 1028 1799 respicere
1058 1719 1189 1784 videtur
1210 1717 1310 1782 Gelu

252 1831 359 1912 mella,
383 1853 463 1915 quae
483 1833 558 1894 inde
579 1831 617 1893 ab
642 1831 692 1893 his
711 1831 823 1893 verbis
843 1842 1020 1912 sequuntur
1038 1853 1137 1916 usque
1157 1831 1196 1896 ad
1216 1840 1311 1913 caput

253 1945 395 2009 tertium.
439 1945 553 2025 Pergit
573 1963 654 2006 vero
677 1945 744 2006 sic:
773 1942 842 2004 Nec
864 1964 938 2004 sane
962 1947 1084 2008 rustico
1108 1946 1238 2026 dignum
1260 1953 1310 2006 est

252 2057 433 2136 sciscitari,
474 2056 613 2119 fueritne
643 2054 761 2118 mulier
789 2054 1002 2136 pulcherrima
1030 2059 1134 2139 specie
1162 2056 1310 2137 Melissa,

253 2187 345 2248 quam
365 2169 495 2247 Jupiter
515 2169 551 2228 in
570 2187 659 2248 apem
682 2168 858 2246 convertit,
883 2189 921 2229 an
946 2166 1199 2247 (utllubemerus
1214 2177 1312 2247 poeta

252 2275 349 2356 dicit)
376 2279 586 2342 crabronibus
615 2269 740 2342 et'sole
772 2280 895 2361 genitas
925 2293 1017 2360 apes,
1049 2299 1125 2363 quas
1152 2279 1311 2362 nymphae

250 2389 475 2472 Phryxonides
484 2391 705 2466 educaverant,
717 2412 789 2453 rnox
798 2383 931 2453 Dictaeo
940 2411 1034 2472 specu
1042 2393 1138 2455 Jovis
1147 2393 1313 2456 exstitisse

250 2503 407 2582 nutrices,
428 2525 541 2584 easque
562 2503 676 2585 pabula
698 2523 828 2564 munere
849 2503 901 2563 dei
920 2504 1062 2582 semitas,
1084 2503 1201 2584 quibus
1220 2504 1313 2584 ipsae

249 2633 386 2694 parvum
409 2605 622 2675 educaverant
641 2613 812 2674 alumnum.
852 2610 920 2672 lata
942 2613 1046 2693 enim,
1074 2615 1223 2695 quamvis
1242 2634 1311 2680 non

251 2721 423 2786 dedeceant
445 2733 585 2804 poetam,
603 2723 781 2784 summatim
802 2732 906 2788 tamen
931 2731 964 2785 et
978 2743 1042 2786 uno
1057 2733 1179 2788 tantum
1199 2731 1311 2791 versi*

250 2834 325 2898 culo
347 2834 466 2898 leniter
485 2837 596 2916 attigit
611 2827 797 2915 Virgilius,
819 2853 889 2897 cum
906 2837 954 2901 sic
975 2837 1037 2898 alte
1064 2839 1199 2903 Dictaeo
1222 2841 1311 2906 coeli

245 2967 358 3029 regem
378 2967 496 3029 pavere
519 2949 578 3010 snb
600 2957 702 3012 antro.
754 2947 816 3012 Sed
839 2969 880 3011 ne
903 2948 986 3014 illud
1001 2951 1142 3031 pertinet
1161 2953 1198 3016 ad
1220 2955 1312 3034 agri.

253 3060 351 3139 colas,
374 3062 498 3141 quando
513 3069 543 3122 et
565 3037 599 3124 in
621 3081 681 3142 qua
692 3062 822 3142 regione
832 3062 971 3142 primum
981 3071 1072 3123 natae
1090 3063 1177 3124 sint:
1197 3073 1313 3132 utrum

253 3172 288 3231 in
308 3172 473 3234 Thessalia
502 3174 560 3234 sub
581 3174 750 3252 Aristaeo,
781 3194 818 3234 an
842 3165 876 3233 in
898 3171 1002 3236 insula
1022 3173 1101 3251 Cea,
1130 3185 1166 3237 ut
1187 3179 1313 3245 scribit
1378 3209 1379 3218 ι

249 3281 464 3361 Euhemerus,
484 3305 523 3345 aar
546 3283 715 3346 Erechthei
735 3285 931 3362 temporibus
959 3284 994 3345 in
1015 3293 1119 3348 monte
1140 3285 1312 3373 Hymetto,

250 3403 288 3456 ut
301 3393 511 3470 Euthronius,
526 3413 565 3454 an
577 3394 690 3458 Cretae
705 3395 837 3454 Saturni
852 3395 1059 3476 temporibus,
1070 3407 1107 3460 ut
1122 3399 1310 3467 Nicander:

248 3507 314 3568 'non
336 3505 437 3586 magis
458 3525 548 3585 quam
567 3513 674 3566 utrum
695 3505 848 3585 examina,
871 3516 1018 3590 tanquam
1036 3520 1139 3574 cetera
1156 3515 1313 3580 videmus

250 3615 412 3696 animalia,
435 3617 604 3679 concubitu
624 3616 765 3680 subolem
778 3629 959 3699 procreent,
977 3643 1016 3682 an
1037 3622 1198 3686 haeredem
1210 3607 1313 3706 gene-¹

249 3731 298 3792 ris
326 3731 378 3792 sui
399 3730 532 3792 floribus
554 3729 693 3810 eligant,
720 3731 802 3812 quud
831 3732 967 3795 affirmat
990 3745 1099 3797 noster
1127 3738 1236 3802 Maro:
1274 3753 1313 3803 et

249 3852 357 3906 utrum
379 3851 528 3906 evomant
548 3841 705 3923 liquorem
731 3842 858 3923 mellis,
888 3865 927 3906 an
956 3846 1020 3910 alia
1047 3859 1136 3930 parte
1157 3850 1308 3915 reddant.
1377 3875 1378 3904 ι

249 3952 335 4016 llaec
356 3957 442 4020 enim
464 3963 495 4016 et
515 3954 565 4016 bis
583 3955 705 4016 similia
717 3957 817 4036 magis
831 3960 1040 4025 scrutantium
1052 3981 1157 4023 rerum
1171 3969 1312 4027 naturae
1377 3997 1378 4018 ι

249 4059 404 4145 latebras,
424 4087 516 4147 quam
536 4067 730 4130 rusticorum
752 4075 800 4130 est
823 4069 1014 4150 inquirere·
1041 4071 1203 4135 Studiosis
1221 4095 1309 4156 quo-
