2786 4600
738 227 784 287 IV

627 327 630 333 ,
674 315 848 330 m

233 459 435 524 quaecunque
455 458 495 501 ex
518 441 585 512 ejus
606 437 703 502 libris
723 440 861 520 perditis
882 440 996 506 relicta
1015 451 1104 522 sunt,
1125 441 1290 526 colligere,
1388 475 1389 532 p

233 556 349 631 justam
376 553 470 625 hujus
498 551 569 612 viri
599 551 769 630 imaginem
797 553 993 634 exprimere,
1026 555 1196 636 debitoque
1222 531 1292 619 euin
1388 537 1389 542 ἵ

233 668 322 730 inter
340 661 485 744 aequales
508 661 580 723 loco
607 663 778 724 restituere
798 668 984 747 susceperit.
1027 667 1216 749 Fragmenta
1235 691 1291 732 au·

233 789 316 858 tem,
352 795 431 857 quae
454 794 493 835 ex
513 775 655 836 diversis
682 776 846 839 doctrinae
873 781 1084 840 monumentis
1106 781 1232 862 Hygini
1253 783 1292 844 ad

233 899 376 960 nostram
398 895 530 948 aetatem
541 899 774 970 pervenerunt,
794 910 926 952 numero
947 890 1074 969 quidem
1088 912 1184 970 pauca
1203 901 1290 972 sunt,

232 1014 338 1068 tamen
370 1001 466 1080 digna
493 999 618 1060 censeri
646 1001 784 1080 dehent,
815 1001 851 1063 iu
879 1001 994 1081 quihus
1026 1001 1098 1082 quis
1124 1003 1292 1064 maximam

234 1136 360 1199 operam
381 1122 474 1192 atque
494 1111 694 1172 industriam
706 1107 851 1188 collocet,
874 1101 970 1194 quum
989 1133 1053 1176 non
1073 1135 1172 1195 pauca
1188 1115 1225 1176 in
1246 1115 1291 1182 iis

233 1227 457 1303 inveniantur,
483 1221 598 1303 quibus
622 1221 728 1302 aliqua
752 1231 837 1284 certe
860 1243 900 1285 ex
920 1233 1010 1303 parte
1032 1226 1179 1288 doctrina
1197 1235 1293 1307 atque

232 1340 412 1406 studiorum
436 1337 518 1396 ratio
540 1335 634 1414 huius
661 1335 858 1414 grammatici
887 1335 1036 1416 cognosci
1067 1346 1208 1416 possunt.
1250 1337 1293 1402 Et

225 1452 389 1533 'reliquias
419 1447 493 1508 illas
524 1447 625 1508 adhuc
651 1467 714 1507 non
737 1447 851 1520 majori
880 1468 955 1509 cura
977 1446 1126 1537 collectas
1153 1457 1185 1508 et
1206 1468 1292 1510 com-

232 1573 358 1649 paratas
371 1581 462 1638 esse,
486 1579 522 1620 eo
542 1557 641 1637 magis
663 1557 844 1619 mirandum
863 1567 928 1639 est,
952 1581 1047 1642 quum
1070 1549 1293 1622 controversia

234 1679 293 1742 illa
312 1675 476 1737 hominum
496 1672 660 1733 doctorum
683 1667 720 1730 de
744 1667 851 1750 libris,
875 1673 932 1752 qni
952 1670 1052 1752 vulgo
1072 1672 1165 1747 hujus
1187 1693 1292 1752 gram-

233 1789 343 1854 matici
363 1805 430 1848 esse
448 1784 618 1862 dicuntum·
630 1803 671 1843 -ne
689 1791 800 1844 nostro
817 1783 944 1864 quidem
959 1793 1102 1865 tempore
1119 1785 1293 1866 composita

234 1905 300 1980 εἰη
321 1919 394 1964 nam
414 1894 540 1957 multost
554 1895 649 1956 etiam
666 1915 751 1956 nunc
765 1895 910 1958 dubitare
930 1897 1010 1976 scio,
1032 1906 1141 1958 utrum
1160 1898 1293 1958 omnino

234 2017 271 2078 in
307 2011 377 2075 illis
415 2005 606 2068 Fabularum
643 2015 675 2066 et
709 2005 960 2068 Astronomicon
998 2007 1153 2068 Poe'ticon
1195 2004 1293 2068 libris
1384 1995 1386 2000 ⁸

234 2123 359 2210 Hygini
376 2117 500 2196 aliquid
520 2117 621 2196 insit,
643 2117 726 2198 quod
750 2117 868 2187 liberto
889 2119 1031 2198 Augusti
1051 2116 1293 2180 adscribendum

223 2242 298 2316 sit,
318 2251 376 2296 nec
393 2249 443 2291 ne.

248 2345 251 2353 '
320 2346 406 2423 Quae
428 2359 524 2419 quum
544 2337 592 2399 ita
613 2338 692 2418 sint,
714 2358 827 2420 operae
847 2336 987 2423 pretium
1003 2339 1083 2400 mihi
1103 2340 1212 2402 visum
1232 2349 1292 2420 est,

234 2451 360 2537 Hygini
385 2451 475 2513 vitae
497 2450 710 2534 depingendae
741 2454 869 2531 ejusque
890 2452 1078 2532 fragmentis
1102 2450 1293 2531 colligendis

235 2563 494 2642 ‹et-illustrandis
511 2583 627 2624 novam
651 2581 758 2625 curam
778 2563 978 2644 impendere3
1002 2573 1033 2624 et
1053 2573 1219 2644 postquam
1235 2583 1294 2643 per

234 2678 414 2752 triennium
437 2673 505 2734 fere
533 2675 569 2734 in
589 2673 640 2736 his
652 2674 757 2746 ,rebus
777 2676 1016 2756 perscrutandis
1037 2695 1165 2758 operam
1185 2675 1291 2757 posui,

233 2794 297 2866 jam
312 2796 434 2872 partem
457 2805 578 2864 eorum,
600 2806 678 2866 quae
698 2787 737 2848 de
757 2789 801 2850 iis
819 2788 995 2868 annotavi,
1016 2787 1215 2850 eruditorum
1234 2789 1291 2848 ho-

233 2901 356 2965 minum
375 2899 495 2973 iudicio
517 2917 698 2978 proponam.

319 3011 442 3074 Verum
458 3017 622 3089 antequam
639 3009 757 3072 adrem
773 3011 873 3092 ipsam
890 3013 1117 3094 transgrediar,
1138 3007 1293 3070 nonnulla

234 3123 273 3188 de
294 3123 427 3201 ordine,
450 3141 542 3202 quem
563 3141 687 3202 sequar,
711 3123 843 3188 dicenda
869 3133 954 3185 sunt,
997 3123 1143 3184 Primum
1164 3121 1202 3181 de
1220 3119 1291 3201 Hy-

234 3236 306 3318 gini
326 3235 398 3296 vita
427 3253 598 3314 exponam,
627 3254 722 3314 eaque
750 3234 847 3296 simul
872 3234 1019 3311 afferam,
1047 3253 1126 3314 quae
1156 3231 1193 3294 de
1223 3235 1292 3308 ejus

233 3347 374 3425 liberto,
404 3345 442 3409 C.
465 3345 556 3407 Julio
582 3319 748 3425 Modesto}
790 3354 954 3422 corrstant3
993 3345 1107 3406 deinde
1139 3344 1292 3427 reliquias

235 3459 362 3540 Hygini
400 3456 578 3537 librorum,
604 3459 669 3539 qui
704 3459 856 3538 temporis
887 3457 1006 3531 injuria
1042 3457 1290 3536 interciderunt,

178 3651 179 3657 ἵ
235 3581 388 3652 quantum
408 3579 520 3650 potero
541 3569 779 3632 accuratissime
800 3570 1005 3648 enumerabo,
1029 3587 1213 3653 meumque,
1233 3569 1290 3631 ubi

178 3688 185 3709 '⁴
234 3683 323 3746 loeus
336 3683 440 3761 detur,
462 3681 618 3755 iudicium
629 3682 750 3760 dicam5
770 3692 928 3764 postremo
941 3683 1111 3763 imaginem
1127 3683 1290 3744 doctrinae

213 3825 216 3832 ·
233 3804 327 3878 atque
347 3794 539 3858 eruditionis
563 3793 689 3876 Hygini
706 3795 814 3884 paucis
832 3797 1018 3860 adumbrare
1037 3797 1183 3860 conabor.

516 4035 1017 4065 -—·--*--—--

1031 4075 1034 4083 ,
