2786 4600
512 127 702 319 'u

82 441 245 517 potentem·
264 430 344 498 facit
364 423 677 512 (agricolationem),
699 445 759 492 neo
777 429 1049 510 postremoqnasi
1071 449 1145 510 pae-

81 545 198 628 dagogi
219 547 287 621 eius
306 542 490 606 meminisse
521 539 730 620 dedignemur
754 539 839 602 Julii
860 540 1019 624 Hyginiu.
1060 540 1146 608 Nam

81 677 192 720 errare
212 673 263 720 me
283 675 346 717 non
366 664 464 736 puto,
493 653 523 715 si
538 661 660 730 statuo,
690 651 791 714 verba
814 651 1031 732 Columellae:
1054 655 1145 734 quasi

23 762 28 770 ’
81 769 256 852 paedagogi
275 770 362 844 ejusu
385 767 424 830 de
447 764 596 843 arctiori,
618 783 697 845 quae
720 764 806 829 inter
819 763 1000 844 Virgilium
1021 775 1053 828 et
1073 765 1143 846 Hy·-

79 875 193 963 ginnm
216 879 448 955 intercedebat,
473 875 940 956 necessitudinointelligenda
961 885 1045 943 essu
1080 877 1142 942 Aa·

78 1014 145 1075 que
164 993 297 1057 videtur
315 989 501 1070 Virgilius,
526 998 564 1052 ut
584 997 616 1050 et
635 986 796 1066 Ovidius²
811 1007 882 1050 vnon
898 988 1010 1055 solum
1023 991 1144 1071 saepis-

79 1105 162 1167 sime
183 1103 423 1184 grammaticum
445 1103 530 1164 huno
550 1099 780 1179 consuluisse‚'
803 1100 860 1183 sod
886 1099 982 1165 etiam
1001 1101 1144 1166 diversis

79 1218 152 1292 ejus
173 1213 338 1306 doctrinae
357 1213 570 1279 monumentis
592 1233 668 1280 usus
688 1231 764 1277 esse.
776 1211 809 1293 *)

486 1395 725 1490 ua,

157 1565 284 1628 ‘Romae
302 1586 383 1630 vero
404 1566 521 1647 degens
550 1563 700 1646 Hyginus
721 1555 785 1626 non
812 1561 916 1625 solum
937 1563 1035 1627 libris
1056 1581 1142 1626 com-

80 1679 238 1760 ponendis
277 1691 403 1759 operam
443 1676 581 1739 navabat
618 1677 804 1756 maximam,
844 1676 900 1738 sed
938 1678 1034 1756 etiam
1069 1677 1147 1752 aliis·

80 1789 223 1869 negotiis
236 1790 393 1851 incubuit.
426 1789 515 1850 'Fuit
535 1787 633 1866 euim,
658 1788 812 1850 Suetonio
825 1797 923 1867 testes
937 1791 1033 1852 etiam
1043 1811 1160 1872 ‹praeg

81 1903 184 1964 fectus
206 1899 419 1964 bibliothecae
437 1898 611 1962 Palatinae.
625 1898 675 1979 **)
717 1901 768 1962 Ex
789 1901 847 1962 hac
867 1909 971 1961 autem
993 1902 1142 1964 Suetonii

80 2011 266 2076 narratione
285 2012 348 2074 duo
368 2011 504 2072 maxime
526 2013 674 2076 concludi
690 2020 834 2094 possunt.
878 2012 1142 2094 Primum-quo-

80 2127 170 2188 niam
190 2123 374 2216 uerisimile
395 2131 455 2201 est,
478 2121 645 2205 Hyginum
671 2125 773 2188 fuisse
793 2125 932 2204 primum
953 2126 1142 2199 injustit-

81 2238 238 2301 liothecae
257 2215 465 2317 praelectum,
487 2235 676 2298 concludere
691 2239 765 2299 inde
786 2256 966 2317 possumus,
990 2257 1061 2299 eum
1082 2237 1142 2300 illo

81 2359 237 2429 tempore,
260 2347 467 2428 quocondita
488 2354 536 2406 est
556 2347 632 2406 haec
651 2346 848 2410 bibliotheca
870 2351 996 2441 (72611.
1013 2345 1069 2428 ο.)
1081 2355 1143 2425 iam
1237 2431 1241 2437 Ι

81 2462 141 2525 diu
163 2461 200 2522 ad
221 2461 354 2523 virilem
373 2465 705 2536 aetatemprovectum
721 2460 840 2538 fuisse3
863 2471 932 2522 tum
953 2462 1048 2522 etiam
1070 2463 1144 2524 indu

81 2583 230 2654 apparet,
263 2573 429 2654 Hyginum
451 2569 513 2631 illo
533 2572 783 2662 temporeinter
803 2573 1028 2653 celeberrimos
1048 2575 1144 2636 viros

82 2685 194 2748 doctos
211 2685 355 2748 habitum
374 2683 493 2761 luisse,
515 2685 664 2764 quoniam
685 2685 817 2750 nonnisi
837 2684 1143 2747 virisaloctissimis'

80 2805 311 2820 m

121 2856 148 2932 *)
167 2860 207 2916 Ni
226 2877 343 2932 prorsus
363 2864 447 2921 fallor
464 2847 635 2934 conjectura,
652 2883 691 2921 ex
710 2862 884 2918 Columellae
901 2860 964 2915 loco
979 2860 1020 2932 (1,
1044 2863 1070 2928 l,
1092 2835 1143 2932 1'3)

158 2966 241 3012 antea
265 2958 351 3013 citato
379 2961 510 3015 concludi
543 2970 657 3032 potest,
689 2959 850 3027 Virgilium
877 2957 909 3012 in
939 2959 1142 3028 componendis

158 3055 314 3124 Georgicis
341 3056 454 3128 Hygini
474 3056 611 3129 operibus
632 3057 667 3110 de
685 3070 716 3110 re
744 3065 814 3111 rust.
837 3064 865 3108 et
885 3055 920 3108 de
940 3041 1043 3128 apibus
1061 3047 1141 3110 usum

160 3171 239 3222 esse3
262 3153 386 3221 itemque
406 3171 444 3208 ex
463 3152 568 3209 Servio
587 3153 623 3207 ad
643 3153 716 3209 Aen.
732 3153 770 3216 V,
791 3151 848 3208 389
868 3151 996 3205 dilucide
1013 3163 1140 3223 apparet,

158 3250 319 3320 Virgilium
346 3252 376 3306 in
396 3251 527 3308 Aeneide
553 3250 705 3306 scribenda
724 3247 838 3320 Hygini
857 3248 934 3303 libro
960 3249 996 3302 de
1021 3249 1141 3307 familiis

125 3371 127 3380 ·
160 3348 292 3418 Trojauis
309 3347 359 3420 (de
379 3367 436 3418 quo
449 3349 588 3415 conseras,
608 3363 681 3417 quae
701 3347 775 3405 inira
795 3343 947 3415 disseram)
969 3363 1049 3402 usum
1063 3361 1138 3403 esse.
1230 3379 1236 3394 ι

121 3441 160 3515 n)
181 3446 227 3500 De
254 3444 439 3502 bibliothecis
464 3447 671 3512 Romanorum,
700 3444 879 3513 maximeque
904 3444 940 3498 de
966 3443 1141 3500 bibliotheca

160 3540 291 3596 Palatina
316 3541 415 3614 paucis
442 3552 561 3612 egerunt
588 3543 654 3598 cnr.
670 3543 832 3607 Falsterus,
863 3541 991 3598 Quaeso.
1020 3543 1137 3596 Roman.
1254 3527 1256 3532 ¹

160 3658 190 3711 p.
215 3639 269 3696 117
289 3653 372 3706 sqq.;
392 3650 420 3694 et
437 3639 504 3698 Job.
518 3639 685 3696 Lomeieros
704 3641 751 3694 De
771 3636 957 3712 bibliothecis
977 3633 1138 3709 (Ultrajecti

162 3733 338 3802 adsueuit.
359 3733 390 3805 2)
411 3755 440 3806 p.
462 3735 500 3796 97
520 3751 584 3806 sqq.
625 3736 731 3791 Fusius
750 3735 786 3790 de
806 3737 857 3790 hac
873 3753 904 3790 re
923 3733 1140 3808 disputaverunt

160 3833 280 3905 Lipsius
306 3832 336 3886 in
357 3831 503 3906 syntagm.
530 3833 566 3889 de
586 3833 738 3900 biblioth,
765 3841 794 3887 et
819 3832 977 3888 Lursenius
1004 3830 1035 3884 in
1055 3827 1140 3892 ‚libro
1220 3871 1224 3877 .

159 3929 284 4002 eleganti
305 3929 341 3983 de
357 3931 463 4003 templo
481 3941 510 3986 et
531 3930 681 3999 biblioth„
707 3929 855 4003 Apollinis
876 3925 1004 3984 Palatini
1021 3927 1139 4001 (Frane-
1249 3998 1251 4006 .

160 4044 264 4098 querna
285 4022 383 4099 1719).
788 4029 792 4036 '
