2786 4600
533 1331 665 1434 cap.
700 1329 733 1416 Ι

340 1558 411 1624 ne
428 1557 525 1625 ”vita
547 1560 594 1626 c.
618 1531 734 1626 aum
756 1560 947 1642 umor„

104 1751 171 1868 ln
193 1806 388 1888 depingenda
406 1804 530 1890 Hygini
552 1809 623 1872 vita
644 1810 795 1890 inprimis
820 1830 936 1891 sequar
959 1811 1107 1872 Suetonii
1126 1811 1166 1878 de

104 1915 237 2000 Hygino
253 1920 469 1984 narrationem
480 1919 533 2002 (ci.
548 1922 617 1996 ejus
630 1920 687 1985 lil).
701 1921 739 1983 de
753 1921 872 1984 illustr.
887 1941 1016 2002 gramm.
1035 1943 1084 2003 op.
1096 1927 1166 2003 20),

105 2031 235 2112 ejusque
256 2033 367 2110 verba,
391 2043 582 2114 quantopere
600 2033 672 2094 fieri
692 2043 808 2114 potest,
832 2033 998 2096 illustrare
1016 2035 1164 2098 conabor.

105 2143 193 2220 Quae
224 2151 327 2206 autem
358 2145 440 2226 apud
466 2145 656 2208 Suetonium
677 2145 701 2206 l.
724 2145 746 2207 l.
770 2144 940 2226 leguntur,
969 2147 1044 2208 haee
1070 2155 1164 2208 sunt:

107 2255 145 2318 C.
175 2256 286 2320 Julius
315 2255 485 2338 Hyginus,
518 2258 648 2340 inquit,
678 2258 819 2340 Augusti
851 2257 1008 2337 libertus,
1037 2259 1167 2322 natione

107 2367 269 2449 Hispanus
291 2367 367 2448 (etsi
379 2369 529 2432 nonnulli
542 2368 797 2432 Alexandrinum
809 2380 932 2450 putant,
955 2381 987 2432 at
1003 2393 1019 2432 a
1035 2371 1167 2434 Caesare

106 2501 240 2560 puerum
259 2481 389 2544 Romam
409 2481 597 2559 advectum,
627 2480 824 2544 Alexandria
847 2483 950 2564 capta)
969 2483 1110 2544 studiose
1135 2491 1168 2544 et

104 2593 209 2654 audiit
238 2602 270 2654 et
294 2594 442 2656 imitatus
465 2602 512 2656 est
534 2591 721 2656 Cornelium
741 2591 983 2672 Alexandrum,
1011 2609 1166 2674 gramma-

98 2703 205 2764 ticum
223 2703 389 2784 Graecum,
411 2723 504 2787 quem
524 2713 655 2785 propter
675 2705 878 2785 antiquitatis
900 2706 1048 2786 notitiam
1065 2705 1166 2787 Poly-

105 2813 259 2876 historem
289 2815 402 2896 multi,
439 2818 567 2898 quidam
596 2815 774 2880 Historiam
802 2817 969 2881 vocabant.
1020 2817 1168 2880 Praeluit

104 2923 270 2986 Palatinae
301 2925 533 2988 bibliothecae:
570 2947 629 2992 neo
657 2947 693 2988 eo
722 2927 825 2989 secius
856 2928 1165 3007 plurimos-docuit:

102 3037 231 3117 fuitque
250 3036 523 3098 familiarissimus
538 3036 661 3100 Ovidio
681 3045 790 3116 poetae
806 3045 836 3098 et
851 3037 927 3111 Caio
946 3037 1075 3100 Licinio
1092 3019 1167 3101 oon-

106 3148 208 3210 sulari
231 3148 407 3226 historico,
439 3152 494 3232 qni
528 3171 598 3214 eum
621 3149 785 3212 admodum
806 3169 972 3228 pauperem
995 3151 1167 3215 (lacessisse

103 3261 223 3342 tradit,
252 3271 283 3322 et
317 3261 512 3326 liberalitate
544 3282 618 3340 sua,
649 3260 750 3342 quoad
775 3260 920 3339 vixerit,
947 3272 1166 3331 sustentatum.

106 3373 210 3446 Hujus
241 3372 377 3436 libertus
407 3373 472 3438 suit
504 3373 613 3438 Julius
645 3373 826 3452 Modestus,
866 3373 900 3434 in
930 3375 1048 3438 studiis
1073 3385 1167 3458 atque

106 3483 253 3546 doctrina
275 3487 404 3563 patroni
424 3486 564 3565 vestigia
585 3493 721 3548 secutos¹

595 3679 626 3763 ἓ.
655 3687 683 3746 l.

188 3847 355 3929 Primum,
386 3860 462 3912 uta
488 3849 615 3912 nomine
643 3847 774 3911 initium
799 3847 929 3928 ducam,
960 3867 1056 3926 pauca
1085 3846 1168 3907 mihi

106 3959 238 4023 dicenda
260 3960 415 4024 videntur
440 3961 479 4024 de
503 3962 663 4041 scriptura
694 3961 833 4024 nominis
861 3959 996 4042 Hygini.
1041 3957 1167 4038 Cogno-

106 4089 178 4134 men
199 4069 326 4138 scilicet
343 4071 403 4138 hoc
413 4071 449 4136 in
465 4071 562 4136 libris
584 4092 678 4136 mser.
693 4081 729 4136 et
745 4072 940 4136 editionibus
960 4068 1055 4131 vario
1073 4069 1166 4132 modo
